3609 5800
433 902 681 953 Inuusmurvn
703 903 747 953 OF
770 904 839 952 Tun
863 905 972 953 REIGN
996 905 1040 954 OF
1063 907 1183 956 usust
1209 907 1256 955 111.
1308 891 1369 956 199

777 1265 912 1331 Duxv.

409 1418 548 1483 Pnsmu
570 1419 765 1498 O'Gouuos,
790 1416 888 1484 Kruo
919 1437 963 1484 or
988 1417 1216 1496 Oossroonr,
1239 1435 1281 1484 so

734 1517 864 1588 Hmmu
887 1521 953 1587 III.

662 1659 759 1724 (noys
769 1659 875 1720 letters
888 1659 936 1710 No.
951 1663 1020 1724 789.)

364 1770 492 1836 illustri
528 1772 598 1860 regi
636 1770 767 1857 Anglioe
805 1773 958 1848 Henrico,
997 1771 1059 1838 Dei
1092 1773 1200 1860 gratia
1237 1771 1370 1838 domiuo
1387 1775 1467 1820 '2⁶¹³

321 1873 498 1952 Hiberniae,
514 1873 627 1939 comiti
641 1873 854 1960 Andegaviae,
871 1897 950 1940 suus
972 1875 1130 1942 Fedlinus
1147 1875 1370 1940 Okouchanur

319 1998 378 2040 rex
394 1977 571 2056 Conacffim,
587 1977 737 2056 salutem,
753 1999 828 2042 cum
843 1977 957 2044 debito
979 1983 1131 2044 reuerent
1133 1978 1166 2042 ia
1116 1983 1215 2044 tet
1238 1977 1367 2044 honore

363 2079 528 2159 Quoniam
558 2079 763 2144 nobilissima
785 2081 906 2146 merita
937 2085 971 2146 et
1004 2081 1092 2146 bona
1124 2103 1222 2167 opera
1255 2105 1275 2146 o
1300 2083 1367 2146 suis
1379 2078 1484 2209 Ῑὲὲᾞὲξ

318 2185 460 2250 subditis
506 2185 628 2251 debent
664 2189 836 2272 gratanter
880 2191 916 2251 et
964 2187 1133 2252 humiliter
1178 2161 1395 2266 collaudari,
1379 2215 1541 2276 morsm,

318 2288 437 2354 idcirco
472 2289 571 2376 regite
608 2293 728 2354 vestrm
762 2311 826 2373 msJ
819 2289 928 2354 astuti
963 2311 1021 2376 pro
1053 2289 1155 2354 variis
1188 2289 1366 2355 honoribus
1379 2295 1484 2398 {123⁰ss
1464 2289 1490 2332 ¹⁰

318 2393 411 2458 nobis
448 2393 576 2458 collatis
610 2399 719 2480 grates
752 2393 924 2459 referimus
958 2394 1125 2474 infinitas;
1156 2399 1192 2460 et
1224 2394 1366 2459 maxime
1377 2411 1500 2474 justiciis

317 2519 376 2584 pro
402 2519 449 2574 eo,
472 2498 560 2583 quod
590 2517 649 2583 pro
678 2497 775 2562 nobis
802 2497 967 2562 Willelmo
994 2497 1035 2562 de
1058 2497 1159 2574 Dene,
1184 2479 1429 2609 justiciarioffor
1427 2482 1533 2612 {stifft

317 2606 426 2666 vestro
449 2599 631 2678 Hibernis,
658 2600 753 2665 bonae
783 2601 959 2679 memoriae,
983 2621 1042 2685 pro
1072 2599 1281 2665 restitutione
1311 2599 1367 2664 ha
1382 2614 1465 2662 lorses.

317 2702 426 2767 benda
457 2703 498 2768 de
531 2703 660 2767 damnis
694 2703 789 2767 nobis
826 2723 884 2788 per
907 2700 1093 2766 Walterurn
1129 2701 1170 2766 de
1193 2701 1303 2788 Burgo
1334 2708 1369 2766 et

317 2827 409 2870 suam
437 2803 602 2890 sequelam
635 2804 672 2868 in
701 2809 790 2869 terra
819 2809 932 2869 nostra
966 2804 1006 2868 de
1038 2803 1226 2888 Tyrmarn²
1257 2803 1367 2884 illatis,

318 2909 435 2973 devote
457 2908 640 2994 scripsistis

363 3010 470 3087 Unde,
517 3032 590 3075 cum
636 3009 742 3075 dictus
784 3009 992 3095 justiciarius
1033 3014 1111 3074 onte
1148 3010 1396 3125 receptionemd
1380 3009 1433 3059 But
1444 3012 1487 3063 the

315 3113 485 3177 literarum
500 3116 685 3177 vestrarum
701 3112 788 3177 diem
807 3112 924 3177 clausit
947 3117 1141 3191 extremum,
1156 3134 1216 3177 nos
1239 3112 1366 3177 nullum
1380 3078 1500 3206 cliiiisii

317 3216 470 3281 effectum
503 3236 564 3280 nee
597 3214 812 3291 commodum,
843 3236 901 3301 per
938 3214 1064 3279 dictum
1094 3220 1241 3280 vestrum
1274 3238 1365 3280 man·
1379 3209 1516 3327 θῖθᾞῦθ

316 3319 441 3399 datum,
472 3318 550 3383 licet
582 3338 649 3382 non
687 3340 746 3405 per
780 3340 840 3383 nos
882 3317 986 3395 stetit,
1024 3318 1204 3405 recepimus
1242 3318 1365 3383 adhuc·
1359 3276 1533 3409 pyracium

316 3422 372 3486 sed
406 3420 498 3486 varia
536 3420 657 3485 domno
688 3425 722 3485 ot
752 3420 969 3499 incommoda,
1006 3441 1064 3507 per
1102 3420 1241 3485 eundem
1276 3421 1367 3485 Wal-
1378 3410 1481 3474 ¹⁶²¹⁰¹⁶

316 3530 423 3590 terum
454 3529 489 3589 et
523 3545 599 3587 suos
632 3522 848 3609 compliees'
838 3544 875 3586 m
909 3527 998 3587 terra
1032 3520 1093 3587 filii
1116 3526 1190 3588 vest
1191 3524 1219 3587 ri
1252 3524 1366 3609 reeipi—
1378 3492 1533 3595 iiam

315 3648 389 3691 mus
415 3631 449 3691 et
479 3626 685 3691 sustinemus
742 3624 978 3689 Damuifioavit
963 3626 1098 3689 tenim
1122 3625 1278 3691 cantredo
1308 3626 1366 3690 ubi

314 3734 422 3795 castra
458 3733 570 3795 vestro
608 3732 694 3806 sunt,
726 3733 762 3794 et
799 3728 925 3793 domini
963 3728 1118 3793 Edwanii
1156 3732 1264 3794 costra
1302 3729 1366 3794 sita

315 3836 402 3910 sunt,
424 3831 467 3896 ad
488 3830 742 3897 aestimationem
764 3852 823 3895 sex
848 3830 990 3895 millium
1004 3850 1196 3910 marcarum,
1219 3832 1365 3917 exceptis

315 3934 445 4001 damnis
467 3929 570 3999 illatis
596 3934 737 4000 ocolesiae
760 3932 930 4013 Elfinensi‚
954 3937 1035 3998 tunc
1056 3933 1092 3997 in
1122 3954 1223 3999 manu
1253 3938 1365 3999 nostru

315 4037 489 4117 existenti3
523 4058 596 4123 quae
628 4037 761 4123 quidem
795 4036 917 4101 damna
953 4036 1110 4101 aestimari
1148 4040 1284 4122 possunt
1321 4036 1364 4101 od

314 4140 568 4207 aestimationem
605 4140 708 4204 trium
746 4138 886 4205 millium
927 4158 1117 4215 morcarum,
1156 4138 1363 4203 ecclesiarum

314 4242 545 4318 combustione,
568 4246 603 4307 et
624 4241 813 4308 clericorum
836 4245 871 4305 et
893 4241 1085 4306 monialium
1111 4239 1347 4307 interfectione.

347 4655 354 4685 ¹
373 4652 420 4705 See
438 4654 496 4705 Rot.
515 4654 571 4705 Pet.
583 4660 615 4705 4⁵
627 4654 693 4706 Heu.
709 4654 759 4705 111.
776 4670 810 4704 m.
894 4656 904 4683 ²
925 4652 1057 4719 Ybrmum]
1072 4651 1126 4704 The
1137 4652 1186 4703 lost
1193 4652 1267 4703 letter
1275 4653 1362 4704 oschis

316 4738 326 4781 l
340 4752 348 4792 3
365 4734 415 4783 and
425 4734 468 4784 tbe
478 4733 535 4784 Ira
545 4734 575 4785 of
588 4734 721 4785 Juruoim
732 4735 759 4785 in
770 4734 811 4785 the
862 4734 932 4783 word
943 4733 964 4784 is
976 4732 1097 4784 doubtful.

313 4811 390 4862 Iubet
400 4811 538 4863 Hibernia.
