<?xml version="1.0" encoding="UTF-8"?>
<!DOCTYPE html PUBLIC "-//W3C//DTD XHTML 1.0 Transitional//EN"
    "http://www.w3.org/TR/xhtml1/DTD/xhtml1-transitional.dtd">
<html xmlns="http://www.w3.org/1999/xhtml" xml:lang="en" lang="en">
 <head>
  <title>
</title>
<meta http-equiv="Content-Type" content="text/html;charset=utf-8" />
  <meta name='ocr-system' content='tesseract 3.04.00' />
  <meta name='ocr-capabilities' content='ocr_page ocr_carea ocr_par ocr_line ocrx_word'/>
</head>
<body>
  <div class='ocr_page' id='page_1' title='image "./royalandotherhi00shirgoog_0306.png"; bbox 0 0 3609 5800; ppageno 0'>
   <div class='ocr_carea' id='block_1_1' title="bbox 369 852 1308 925">
    <p class='ocr_par' dir='ltr' id='par_1_1' title="bbox 369 852 1308 925">
     <span class='ocr_line' id='line_1_1' title="bbox 369 852 1308 925; baseline -0.011 -1"><span class='ocrx_word' id='word_1_1' title='bbox 369 872 622 925; x_wconf 80' lang='lat' dir='ltr'>rnausrasrrvn</span> <span class='ocrx_word' id='word_1_2' title='bbox 645 872 689 921; x_wconf 84' lang='lat' dir='ltr'>or</span> <span class='ocrx_word' id='word_1_3' title='bbox 710 871 782 919; x_wconf 78' lang='lat' dir='ltr'>ran</span> <span class='ocrx_word' id='word_1_4' title='bbox 805 870 912 919; x_wconf 82' lang='lat' dir='ltr'>aaron</span> <span class='ocrx_word' id='word_1_5' title='bbox 937 870 981 917; x_wconf 85' lang='lat' dir='ltr'>or</span> <span class='ocrx_word' id='word_1_6' title='bbox 1005 868 1124 917; x_wconf 79' lang='lat' dir='ltr'>asnar</span> <span class='ocrx_word' id='word_1_7' title='bbox 1147 868 1197 915; x_wconf 90' lang='lat'>111.</span> <span class='ocrx_word' id='word_1_8' title='bbox 1247 852 1308 915; x_wconf 72' lang='lat'>235</span> 
     </span>
    </p>
   </div>
   <div class='ocr_carea' id='block_1_2' title="bbox 721 1158 865 1224">
    <p class='ocr_par' dir='ltr' id='par_1_2' title="bbox 721 1158 865 1224">
     <span class='ocr_line' id='line_1_2' title="bbox 721 1158 865 1224; baseline -0.014 -1"><span class='ocrx_word' id='word_1_9' title='bbox 721 1158 865 1224; x_wconf 83' lang='lat' dir='ltr'>DXOII.</span> 
     </span>
    </p>
   </div>
   <div class='ocr_carea' id='block_1_3' title="bbox 358 1316 1212 1538">
    <p class='ocr_par' dir='ltr' id='par_1_3' title="bbox 358 1316 1212 1538">
     <span class='ocr_line' id='line_1_3' title="bbox 358 1316 1212 1387; baseline -0.009 0"><span class='ocrx_word' id='word_1_10' title='bbox 358 1322 475 1387; x_wconf 81' lang='lat' dir='ltr'>Perna</span> <span class='ocrx_word' id='word_1_11' title='bbox 496 1335 541 1385; x_wconf 85' lang='lat' dir='ltr'>or</span> <span class='ocrx_word' id='word_1_12' title='bbox 564 1319 721 1383; x_wconf 81' lang='lat' dir='ltr'>Lmocaa</span> <span class='ocrx_word' id='word_1_13' title='bbox 743 1334 786 1382; x_wconf 84' lang='lat' dir='ltr'>ro</span> <span class='ocrx_word' id='word_1_14' title='bbox 809 1316 965 1382; x_wconf 78' lang='lat' dir='ltr'>Warrra</span> <span class='ocrx_word' id='word_1_15' title='bbox 988 1334 1032 1381; x_wconf 85' lang='lat' dir='ltr'>or</span> <span class='ocrx_word' id='word_1_16' title='bbox 1056 1316 1212 1381; x_wconf 82' lang='lat' dir='ltr'>Mraroa.</span> 
     </span>
     <span class='ocr_line' id='line_1_4' title="bbox 602 1472 962 1538; baseline -0.008 -13"><span class='ocrx_word' id='word_1_17' title='bbox 602 1473 698 1538; x_wconf 76' lang='lat' dir='ltr'>(noya</span> <span class='ocrx_word' id='word_1_18' title='bbox 709 1473 815 1533; x_wconf 61' lang='lat' dir='ltr'>Istam,</span> <span class='ocrx_word' id='word_1_19' title='bbox 829 1472 877 1524; x_wconf 83' lang='lat' dir='ltr'>No.</span> <span class='ocrx_word' id='word_1_20' title='bbox 891 1476 962 1535; x_wconf 72' lang='lat' dir='ltr'>ata)</span> 
     </span>
    </p>
   </div>
   <div class='ocr_carea' id='block_1_4' title="bbox 260 1594 1481 4340">
    <p class='ocr_par' dir='ltr' id='par_1_4' title="bbox 260 1594 1438 1893">
     <span class='ocr_line' id='line_1_5' title="bbox 305 1594 1438 1681; baseline -0.003 -16"><span class='ocrx_word' id='word_1_21' title='bbox 305 1601 399 1665; x_wconf 88' lang='lat' dir='ltr'>Inter</span> <span class='ocrx_word' id='word_1_22' title='bbox 421 1618 512 1663; x_wconf 87' lang='lat' dir='ltr'>caros</span> <span class='ocrx_word' id='word_1_23' title='bbox 536 1595 703 1661; x_wconf 83' lang='lat' dir='ltr'>carissimo</span> <span class='ocrx_word' id='word_1_24' title='bbox 726 1595 860 1659; x_wconf 88' lang='lat' dir='ltr'>domino</span> <span class='ocrx_word' id='word_1_25' title='bbox 882 1616 942 1659; x_wconf 90' lang='lat' dir='ltr'>suo</span> <span class='ocrx_word' id='word_1_26' title='bbox 973 1594 1105 1659; x_wconf 84' lang='lat' dir='ltr'>domino</span> <span class='ocrx_word' id='word_1_27' title='bbox 1130 1594 1310 1681; x_wconf 87' lang='lat' dir='ltr'>W[altero]</span> <span class='ocrx_word' id='word_1_28' title='bbox 1326 1614 1385 1662; x_wconf 75' lang='lat' dir='ltr'>Jan.</span> <span class='ocrx_word' id='word_1_29' title='bbox 1399 1619 1438 1673; x_wconf 78' lang='lat' dir='ltr'>aa,</span> 
     </span>
     <span class='ocr_line' id='line_1_6' title="bbox 260 1680 1409 1779; baseline -0.007 -10"><span class='ocrx_word' id='word_1_30' title='bbox 260 1706 300 1769; x_wconf 90' lang='lat' dir='ltr'>de</span> <span class='ocrx_word' id='word_1_31' title='bbox 322 1702 465 1779; x_wconf 87' lang='lat' dir='ltr'>Merton,</span> <span class='ocrx_word' id='word_1_32' title='bbox 489 1722 568 1766; x_wconf 87' lang='lat' dir='ltr'>suus</span> <span class='ocrx_word' id='word_1_33' title='bbox 592 1700 712 1765; x_wconf 84' lang='lat' dir='ltr'>Petrus</span> <span class='ocrx_word' id='word_1_34' title='bbox 736 1696 977 1763; x_wconf 86' lang='lat' dir='ltr'>Lemovieensia</span> <span class='ocrx_word' id='word_1_35' title='bbox 1009 1696 1148 1763; x_wconf 85' lang='lat' dir='ltr'>dovotus</span> <span class='ocrx_word' id='word_1_36' title='bbox 1178 1697 1313 1762; x_wconf 83' lang='lat' dir='ltr'>clericus</span> <span class='ocrx_word' id='word_1_37' title='bbox 1329 1680 1409 1731; x_wconf 75' lang='lat'><strong>¹²⁶³·¹</strong></span> 
     </span>
     <span class='ocr_line' id='line_1_7' title="bbox 260 1806 410 1893; baseline -0.013 -22"><span class='ocrx_word' id='word_1_38' title='bbox 260 1806 410 1893; x_wconf 87' lang='lat' dir='ltr'>seipsum.</span> 
     </span>
    </p>

    <p class='ocr_par' dir='ltr' id='par_1_5' title="bbox 260 1900 1481 3113">
     <span class='ocr_line' id='line_1_8' title="bbox 305 1900 1475 1989; baseline -0.008 -18"><span class='ocrx_word' id='word_1_39' title='bbox 305 1906 468 1987; x_wconf 82' lang='lat' dir='ltr'><strong>Quoniam</strong></span> <span class='ocrx_word' id='word_1_40' title='bbox 492 1904 626 1969; x_wconf 88' lang='lat' dir='ltr'>domina</span> <span class='ocrx_word' id='word_1_41' title='bbox 655 1902 770 1989; x_wconf 85' lang='lat' dir='ltr'>regina</span> <span class='ocrx_word' id='word_1_42' title='bbox 800 1902 948 1967; x_wconf 80' lang='lat' dir='ltr'>Franciae</span> <span class='ocrx_word' id='word_1_43' title='bbox 978 1902 1074 1966; x_wconf 88' lang='lat' dir='ltr'>valde</span> <span class='ocrx_word' id='word_1_44' title='bbox 1107 1900 1236 1988; x_wconf 87' lang='lat' dir='ltr'>prolixa</span> <span class='ocrx_word' id='word_1_45' title='bbox 1259 1922 1314 1965; x_wconf 85' lang='lat' dir='ltr'>cx·</span> <span class='ocrx_word' id='word_1_46' title='bbox 1328 1910 1475 1976; x_wconf 77' lang='lat' dir='ltr'>Thequeen</span> 
     </span>
     <span class='ocr_line' id='line_1_9' title="bbox 260 1978 1462 2095; baseline -0.008 -21"><span class='ocrx_word' id='word_1_47' title='bbox 260 2010 342 2087; x_wconf 81' lang='lat' dir='ltr'>istit,</span> <span class='ocrx_word' id='word_1_48' title='bbox 367 2013 407 2073; x_wconf 87' lang='lat' dir='ltr'>ut</span> <span class='ocrx_word' id='word_1_49' title='bbox 437 2006 521 2071; x_wconf 91' lang='lat' dir='ltr'>mihi</span> <span class='ocrx_word' id='word_1_50' title='bbox 551 2005 696 2080; x_wconf 87' lang='lat' dir='ltr'>videtur,</span> <span class='ocrx_word' id='word_1_51' title='bbox 727 2004 764 2068; x_wconf 90' lang='lat' dir='ltr'>in</span> <span class='ocrx_word' id='word_1_52' title='bbox 788 2003 895 2068; x_wconf 85' lang='lat' dir='ltr'>verbis</span> <span class='ocrx_word' id='word_1_53' title='bbox 927 2003 1051 2089; x_wconf 87' lang='lat' dir='ltr'>pariter</span> <span class='ocrx_word' id='word_1_54' title='bbox 1080 2010 1114 2067; x_wconf 91' lang='lat' dir='ltr'>et</span> <span class='ocrx_word' id='word_1_55' title='bbox 1145 2004 1180 2065; x_wconf 91' lang='lat' dir='ltr'>in</span> <span class='ocrx_word' id='word_1_56' title='bbox 1211 2002 1315 2077; x_wconf 79' lang='lat' dir='ltr'>factio,</span> <span class='ocrx_word' id='word_1_57' title='bbox 1329 1978 1462 2095; x_wconf 50' lang='grc' dir='ltr'>ἵέξῗζξξ</span> 
     </span>
     <span class='ocr_line' id='line_1_10' title="bbox 261 2084 1466 2197; baseline -0.007 -22"><span class='ocrx_word' id='word_1_58' title='bbox 261 2115 394 2197; x_wconf 89' lang='lat' dir='ltr'>propter</span> <span class='ocrx_word' id='word_1_59' title='bbox 417 2107 664 2195; x_wconf 76' lang='lat' dir='ltr'>occupationem</span> <span class='ocrx_word' id='word_1_60' title='bbox 694 2104 911 2191; x_wconf 84' lang='lat' dir='ltr'>negotiorum,</span> <span class='ocrx_word' id='word_1_61' title='bbox 942 2104 1062 2169; x_wconf 89' lang='lat' dir='ltr'>idcireo</span> <span class='ocrx_word' id='word_1_62' title='bbox 1092 2104 1187 2169; x_wconf 83' lang='lat' dir='ltr'>vobis</span> <span class='ocrx_word' id='word_1_63' title='bbox 1218 2104 1316 2167; x_wconf 85' lang='lat' dir='ltr'>mitto</span> <span class='ocrx_word' id='word_1_64' title='bbox 1330 2084 1466 2189; x_wconf 73' lang='lat' dir='ltr'>inworu&#39;</span> 
     </span>
     <span class='ocr_line' id='line_1_11' title="bbox 261 2180 1481 2299; baseline -0.007 -22"><span class='ocrx_word' id='word_1_65' title='bbox 261 2235 318 2299; x_wconf 85' lang='lat' dir='ltr'>per</span> <span class='ocrx_word' id='word_1_66' title='bbox 347 2212 485 2276; x_wconf 88' lang='lat' dir='ltr'>latorem</span> <span class='ocrx_word' id='word_1_67' title='bbox 516 2208 728 2296; x_wconf 85' lang='lat' dir='ltr'>praesentium</span> <span class='ocrx_word' id='word_1_68' title='bbox 759 2207 955 2293; x_wconf 83' lang='lat' dir='ltr'>burgensem</span> <span class='ocrx_word' id='word_1_69' title='bbox 986 2206 1258 2281; x_wconf 86' lang='lat' dir='ltr'>Lemovicenaern,</span> <span class='ocrx_word' id='word_1_70' title='bbox 1282 2210 1316 2269; x_wconf 87' lang='lat' dir='ltr'>ct</span> <span class='ocrx_word' id='word_1_71' title='bbox 1329 2180 1481 2230; x_wconf 66' lang='lat' dir='ltr'>””d²¹⁰¹¹⁰¹¹&#39;</span> 
     </span>
     <span class='ocr_line' id='line_1_12' title="bbox 261 2308 1315 2395; baseline -0.009 -16"><span class='ocrx_word' id='word_1_72' title='bbox 261 2315 375 2379; x_wconf 77' lang='lat' dir='ltr'><strong>literas</strong></span> <span class='ocrx_word' id='word_1_73' title='bbox 398 2312 493 2378; x_wconf 86' lang='lat' dir='ltr'>vobis</span> <span class='ocrx_word' id='word_1_74' title='bbox 517 2311 659 2376; x_wconf 78' lang='lat' dir='ltr'>directas</span> <span class='ocrx_word' id='word_1_75' title='bbox 682 2331 763 2395; x_wconf 86' lang='lat' dir='ltr'>quaa</span> <span class='ocrx_word' id='word_1_76' title='bbox 786 2314 865 2373; x_wconf 89' lang='lat' dir='ltr'>ante</span> <span class='ocrx_word' id='word_1_77' title='bbox 895 2309 1078 2374; x_wconf 89' lang='lat' dir='ltr'>adventum</span> <span class='ocrx_word' id='word_1_78' title='bbox 1108 2330 1204 2374; x_wconf 87' lang='lat' dir='ltr'>suum</span> <span class='ocrx_word' id='word_1_79' title='bbox 1226 2308 1315 2393; x_wconf 78' lang='lat' dir='ltr'>apml</span> 
     </span>
     <span class='ocr_line' id='line_1_13' title="bbox 263 2410 1315 2499; baseline -0.007 -19"><span class='ocrx_word' id='word_1_80' title='bbox 263 2415 408 2480; x_wconf 78' lang='lat' dir='ltr'>Parisino</span> <span class='ocrx_word' id='word_1_81' title='bbox 430 2412 624 2499; x_wconf 78' lang='lat' dir='ltr'>scripseram</span> <span class='ocrx_word' id='word_1_82' title='bbox 647 2432 746 2497; x_wconf 86' lang='lat' dir='ltr'>super</span> <span class='ocrx_word' id='word_1_83' title='bbox 768 2410 901 2497; x_wconf 85' lang='lat' dir='ltr'>negotio</span> <span class='ocrx_word' id='word_1_84' title='bbox 925 2410 1007 2474; x_wconf 92' lang='lat' dir='ltr'>mihi</span> <span class='ocrx_word' id='word_1_85' title='bbox 1038 2410 1218 2487; x_wconf 80' lang='lat' dir='ltr'>commissa,</span> <span class='ocrx_word' id='word_1_86' title='bbox 1243 2432 1315 2473; x_wconf 89' lang='lat' dir='ltr'>nec-</span> 
     </span>
     <span class='ocr_line' id='line_1_14' title="bbox 262 2512 1318 2599; baseline -0.005 -17"><span class='ocrx_word' id='word_1_87' title='bbox 262 2540 328 2583; x_wconf 90' lang='lat' dir='ltr'>non</span> <span class='ocrx_word' id='word_1_88' title='bbox 351 2522 385 2581; x_wconf 89' lang='lat' dir='ltr'>et</span> <span class='ocrx_word' id='word_1_89' title='bbox 407 2516 539 2580; x_wconf 78' lang='lat' dir='ltr'><strong>literam</strong></span> <span class='ocrx_word' id='word_1_90' title='bbox 562 2514 787 2599; x_wconf 86' lang='lat' dir='ltr'>responsivam</span> <span class='ocrx_word' id='word_1_91' title='bbox 810 2512 936 2576; x_wconf 90' lang='lat' dir='ltr'>domini</span> <span class='ocrx_word' id='word_1_92' title='bbox 951 2512 1036 2599; x_wconf 85' lang='lat' dir='ltr'>regis</span> <span class='ocrx_word' id='word_1_93' title='bbox 1052 2513 1198 2577; x_wconf 85' lang='lat' dir='ltr'>Franciae</span> <span class='ocrx_word' id='word_1_94' title='bbox 1221 2534 1318 2598; x_wconf 80' lang='lat' dir='ltr'>super·</span> 
     </span>
     <span class='ocr_line' id='line_1_15' title="bbox 263 2613 1318 2705; baseline -0.007 -20"><span class='ocrx_word' id='word_1_95' title='bbox 263 2620 397 2705; x_wconf 87' lang='lat' dir='ltr'>negotio</span> <span class='ocrx_word' id='word_1_96' title='bbox 434 2617 602 2704; x_wconf 71' lang='lat' dir='ltr'>praedicto,</span> <span class='ocrx_word' id='word_1_97' title='bbox 641 2636 722 2702; x_wconf 88' lang='lat' dir='ltr'>quas</span> <span class='ocrx_word' id='word_1_98' title='bbox 759 2615 931 2679; x_wconf 83' lang='lat' dir='ltr'>credebam</span> <span class='ocrx_word' id='word_1_99' title='bbox 970 2613 1136 2680; x_wconf 87' lang='lat' dir='ltr'>dominam</span> <span class='ocrx_word' id='word_1_100' title='bbox 1170 2614 1318 2700; x_wconf 77' lang='lat' dir='ltr'>reginam</span> 
     </span>
     <span class='ocr_line' id='line_1_16' title="bbox 265 2716 1318 2803; baseline -0.005 -16"><span class='ocrx_word' id='word_1_101' title='bbox 265 2722 413 2787; x_wconf 81' lang='lat' dir='ltr'>Franciae</span> <span class='ocrx_word' id='word_1_102' title='bbox 442 2720 627 2798; x_wconf 81' lang='lat' dir='ltr'>missuram,</span> <span class='ocrx_word' id='word_1_103' title='bbox 657 2722 697 2783; x_wconf 89' lang='lat' dir='ltr'>ut</span> <span class='ocrx_word' id='word_1_104' title='bbox 731 2717 814 2781; x_wconf 89' lang='lat' dir='ltr'>mihi</span> <span class='ocrx_word' id='word_1_105' title='bbox 836 2716 1040 2803; x_wconf 73' lang='lat' dir='ltr'>promiserat,</span> <span class='ocrx_word' id='word_1_106' title='bbox 1064 2716 1211 2782; x_wconf 72' lang='lat' dir='ltr'>celeriter</span> <span class='ocrx_word' id='word_1_107' title='bbox 1245 2740 1318 2782; x_wconf 91' lang='lat' dir='ltr'>cum</span> 
     </span>
     <span class='ocr_line' id='line_1_17' title="bbox 265 2818 1319 2907; baseline -0.008 -18"><span class='ocrx_word' id='word_1_108' title='bbox 265 2824 338 2889; x_wconf 85' lang='lat' dir='ltr'>aliis</span> <span class='ocrx_word' id='word_1_109' title='bbox 359 2823 466 2889; x_wconf 86' lang='lat' dir='ltr'>literis</span> <span class='ocrx_word' id='word_1_110' title='bbox 489 2820 558 2887; x_wconf 91' lang='lat' dir='ltr'>suis</span> <span class='ocrx_word' id='word_1_111' title='bbox 580 2824 616 2886; x_wconf 91' lang='lat' dir='ltr'>et</span> <span class='ocrx_word' id='word_1_112' title='bbox 638 2818 720 2885; x_wconf 85' lang='lat' dir='ltr'>meis</span> <span class='ocrx_word' id='word_1_113' title='bbox 742 2819 876 2883; x_wconf 90' lang='lat' dir='ltr'>domino</span> <span class='ocrx_word' id='word_1_114' title='bbox 899 2820 970 2906; x_wconf 89' lang='lat' dir='ltr'>regi</span> <span class='ocrx_word' id='word_1_115' title='bbox 994 2822 1029 2884; x_wconf 89' lang='lat' dir='ltr'>et</span> <span class='ocrx_word' id='word_1_116' title='bbox 1050 2819 1174 2907; x_wconf 85' lang='lat' dir='ltr'>reginae</span> <span class='ocrx_word' id='word_1_117' title='bbox 1200 2818 1319 2885; x_wconf 83' lang='lat' dir='ltr'>nostris</span> 
     </span>
     <span class='ocr_line' id='line_1_18' title="bbox 266 2922 1320 3013; baseline -0.006 -21"><span class='ocrx_word' id='word_1_118' title='bbox 266 2927 407 3007; x_wconf 88' lang='lat' dir='ltr'>directis,</span> <span class='ocrx_word' id='word_1_119' title='bbox 441 2948 501 3013; x_wconf 90' lang='lat' dir='ltr'>per</span> <span class='ocrx_word' id='word_1_120' title='bbox 534 2947 630 2990; x_wconf 85' lang='lat' dir='ltr'>suum</span> <span class='ocrx_word' id='word_1_121' title='bbox 654 2923 813 2988; x_wconf 87' lang='lat' dir='ltr'>nuntium</span> <span class='ocrx_word' id='word_1_122' title='bbox 843 2922 1026 3009; x_wconf 86' lang='lat' dir='ltr'>specialem,</span> <span class='ocrx_word' id='word_1_123' title='bbox 1057 2943 1131 2988; x_wconf 86' lang='lat' dir='ltr'>eum</span> <span class='ocrx_word' id='word_1_124' title='bbox 1163 2945 1223 3010; x_wconf 89' lang='lat' dir='ltr'>ego</span> <span class='ocrx_word' id='word_1_125' title='bbox 1252 2945 1320 2988; x_wconf 89' lang='lat' dir='ltr'>non</span> 
     </span>
     <span class='ocr_line' id='line_1_19' title="bbox 267 3024 1319 3113; baseline -0.007 -19"><span class='ocrx_word' id='word_1_126' title='bbox 267 3031 421 3095; x_wconf 87' lang='lat' dir='ltr'>haberem</span> <span class='ocrx_word' id='word_1_127' title='bbox 452 3049 580 3094; x_wconf 90' lang='lat' dir='ltr'>mecum</span> <span class='ocrx_word' id='word_1_128' title='bbox 612 3047 672 3091; x_wconf 90' lang='lat' dir='ltr'>nec</span> <span class='ocrx_word' id='word_1_129' title='bbox 702 3025 842 3090; x_wconf 84' lang='lat' dir='ltr'>habeam</span> <span class='ocrx_word' id='word_1_130' title='bbox 873 3025 939 3089; x_wconf 88' lang='lat' dir='ltr'>nisi</span> <span class='ocrx_word' id='word_1_131' title='bbox 970 3024 1103 3090; x_wconf 91' lang='lat' dir='ltr'>unicum</span> <span class='ocrx_word' id='word_1_132' title='bbox 1126 3027 1319 3113; x_wconf 84' lang='lat' dir='ltr'>garcionem.</span> 
     </span>
    </p>

    <p class='ocr_par' dir='ltr' id='par_1_6' title="bbox 266 3126 1327 4340">
     <span class='ocr_line' id='line_1_20' title="bbox 267 3126 1321 3214; baseline -0.006 -17"><span class='ocrx_word' id='word_1_133' title='bbox 267 3131 358 3196; x_wconf 79' lang='lat' dir='ltr'>Alias</span> <span class='ocrx_word' id='word_1_134' title='bbox 380 3151 459 3196; x_wconf 89' lang='lat' dir='ltr'>vero</span> <span class='ocrx_word' id='word_1_135' title='bbox 480 3129 594 3194; x_wconf 85' lang='lat' dir='ltr'>literas</span> <span class='ocrx_word' id='word_1_136' title='bbox 616 3149 705 3192; x_wconf 82' lang='lat' dir='ltr'>meas</span> <span class='ocrx_word' id='word_1_137' title='bbox 729 3149 804 3214; x_wconf 88' lang='lat' dir='ltr'>quae</span> <span class='ocrx_word' id='word_1_138' title='bbox 826 3127 1017 3214; x_wconf 86' lang='lat' dir='ltr'>diriguntur</span> <span class='ocrx_word' id='word_1_139' title='bbox 1040 3126 1172 3192; x_wconf 91' lang='lat' dir='ltr'>domino</span> <span class='ocrx_word' id='word_1_140' title='bbox 1195 3127 1265 3213; x_wconf 86' lang='lat' dir='ltr'>regi</span> <span class='ocrx_word' id='word_1_141' title='bbox 1287 3134 1321 3192; x_wconf 85' lang='lat' dir='ltr'>et</span> 
     </span>
     <span class='ocr_line' id='line_1_21' title="bbox 266 3228 1321 3321; baseline -0.004 -21"><span class='ocrx_word' id='word_1_142' title='bbox 266 3236 386 3321; x_wconf 76' lang='lat' dir='ltr'>reginae</span> <span class='ocrx_word' id='word_1_143' title='bbox 423 3232 547 3297; x_wconf 86' lang='lat' dir='ltr'>nostris</span> <span class='ocrx_word' id='word_1_144' title='bbox 580 3230 715 3295; x_wconf 89' lang='lat' dir='ltr'>mittam</span> <span class='ocrx_word' id='word_1_145' title='bbox 749 3251 808 3315; x_wconf 91' lang='lat' dir='ltr'>per</span> <span class='ocrx_word' id='word_1_146' title='bbox 840 3228 998 3294; x_wconf 87' lang='lat' dir='ltr'>nuntium</span> <span class='ocrx_word' id='word_1_147' title='bbox 1033 3230 1176 3296; x_wconf 76' lang='lat' dir='ltr'>domina</span> <span class='ocrx_word' id='word_1_148' title='bbox 1198 3231 1321 3316; x_wconf 72' lang='lat' dir='ltr'>reginae</span> 
     </span>
     <span class='ocr_line' id='line_1_22' title="bbox 267 3330 1323 3416; baseline -0.006 -14"><span class='ocrx_word' id='word_1_149' title='bbox 267 3359 335 3402; x_wconf 88' lang='lat' dir='ltr'>una</span> <span class='ocrx_word' id='word_1_150' title='bbox 363 3355 439 3401; x_wconf 85' lang='lat' dir='ltr'>eum</span> <span class='ocrx_word' id='word_1_151' title='bbox 467 3333 575 3399; x_wconf 85' lang='lat' dir='ltr'>literis</span> <span class='ocrx_word' id='word_1_152' title='bbox 604 3333 672 3396; x_wconf 86' lang='lat' dir='ltr'>suis</span> <span class='ocrx_word' id='word_1_153' title='bbox 710 3330 843 3397; x_wconf 88' lang='lat' dir='ltr'>directis</span> <span class='ocrx_word' id='word_1_154' title='bbox 873 3331 1005 3408; x_wconf 89' lang='lat' dir='ltr'>eisdem,</span> <span class='ocrx_word' id='word_1_155' title='bbox 1037 3333 1094 3416; x_wconf 89' lang='lat' dir='ltr'>qui</span> <span class='ocrx_word' id='word_1_156' title='bbox 1124 3333 1254 3398; x_wconf 85' lang='lat' dir='ltr'>recedet</span> <span class='ocrx_word' id='word_1_157' title='bbox 1285 3337 1323 3396; x_wconf 90' lang='lat' dir='ltr'>ut</span> 
     </span>
     <span class='ocr_line' id='line_1_23' title="bbox 267 3433 1323 3525; baseline -0.004 -22"><span class='ocrx_word' id='word_1_158' title='bbox 267 3460 360 3525; x_wconf 88' lang='lat' dir='ltr'>spero</span> <span class='ocrx_word' id='word_1_159' title='bbox 382 3435 524 3502; x_wconf 86' lang='lat' dir='ltr'>firmiter</span> <span class='ocrx_word' id='word_1_160' title='bbox 546 3435 634 3500; x_wconf 87' lang='lat' dir='ltr'>infra</span> <span class='ocrx_word' id='word_1_161' title='bbox 656 3434 739 3498; x_wconf 87' lang='lat' dir='ltr'>duos</span> <span class='ocrx_word' id='word_1_162' title='bbox 761 3433 833 3498; x_wconf 84' lang='lat' dir='ltr'>dies</span> <span class='ocrx_word' id='word_1_163' title='bbox 856 3455 877 3497; x_wconf 91' lang='lat' dir='ltr'>a</span> <span class='ocrx_word' id='word_1_164' title='bbox 899 3433 980 3498; x_wconf 86' lang='lat' dir='ltr'>data</span> <span class='ocrx_word' id='word_1_165' title='bbox 1002 3434 1214 3520; x_wconf 83' lang='lat' dir='ltr'>praesentium</span> <span class='ocrx_word' id='word_1_166' title='bbox 1238 3455 1323 3499; x_wconf 90' lang='lat' dir='ltr'>ecm-</span> 
     </span>
     <span class='ocr_line' id='line_1_24' title="bbox 268 3534 1324 3626; baseline -0.003 -21"><span class='ocrx_word' id='word_1_167' title='bbox 268 3539 441 3626; x_wconf 88' lang='lat' dir='ltr'>patandos.</span> <span class='ocrx_word' id='word_1_168' title='bbox 501 3535 602 3602; x_wconf 88' lang='lat' dir='ltr'>Unde</span> <span class='ocrx_word' id='word_1_169' title='bbox 632 3557 706 3600; x_wconf 90' lang='lat' dir='ltr'>cum</span> <span class='ocrx_word' id='word_1_170' title='bbox 737 3539 846 3600; x_wconf 86' lang='lat' dir='ltr'>totum</span> <span class='ocrx_word' id='word_1_171' title='bbox 876 3534 1001 3600; x_wconf 86' lang='lat' dir='ltr'>factum</span> <span class='ocrx_word' id='word_1_172' title='bbox 1032 3541 1066 3601; x_wconf 91' lang='lat' dir='ltr'>et</span> <span class='ocrx_word' id='word_1_173' title='bbox 1096 3541 1170 3602; x_wconf 87' lang='lat' dir='ltr'>tota</span> <span class='ocrx_word' id='word_1_174' title='bbox 1200 3536 1324 3602; x_wconf 85' lang='lat' dir='ltr'>veritas</span> 
     </span>
     <span class='ocr_line' id='line_1_25' title="bbox 269 3637 1323 3722; baseline 0 -18"><span class='ocrx_word' id='word_1_175' title='bbox 269 3642 479 3705; x_wconf 85' lang='lat' dir='ltr'>contineatur</span> <span class='ocrx_word' id='word_1_176' title='bbox 510 3638 546 3702; x_wconf 93' lang='lat' dir='ltr'>in</span> <span class='ocrx_word' id='word_1_177' title='bbox 580 3637 686 3702; x_wconf 85' lang='lat' dir='ltr'>literis</span> <span class='ocrx_word' id='word_1_178' title='bbox 720 3658 802 3722; x_wconf 83' lang='lat' dir='ltr'>quas</span> <span class='ocrx_word' id='word_1_179' title='bbox 836 3658 895 3722; x_wconf 88' lang='lat' dir='ltr'>per</span> <span class='ocrx_word' id='word_1_180' title='bbox 927 3637 1066 3702; x_wconf 86' lang='lat' dir='ltr'>latorem</span> <span class='ocrx_word' id='word_1_181' title='bbox 1098 3639 1192 3704; x_wconf 85' lang='lat' dir='ltr'>vobis</span> <span class='ocrx_word' id='word_1_182' title='bbox 1216 3639 1323 3720; x_wconf 86' lang='lat' dir='ltr'>mitto,</span> 
     </span>
     <span class='ocr_line' id='line_1_26' title="bbox 268 3737 1325 3830; baseline -0.001 -23"><span class='ocrx_word' id='word_1_183' title='bbox 268 3741 415 3830; x_wconf 89' lang='lat' dir='ltr'>supplico</span> <span class='ocrx_word' id='word_1_184' title='bbox 437 3738 615 3805; x_wconf 85' lang='lat' dir='ltr'>utstatim</span> <span class='ocrx_word' id='word_1_185' title='bbox 636 3738 680 3801; x_wconf 85' lang='lat' dir='ltr'>ad</span> <span class='ocrx_word' id='word_1_186' title='bbox 704 3737 812 3802; x_wconf 90' lang='lat' dir='ltr'>minus</span> <span class='ocrx_word' id='word_1_187' title='bbox 834 3738 922 3802; x_wconf 85' lang='lat' dir='ltr'>infra</span> <span class='ocrx_word' id='word_1_188' title='bbox 945 3737 1027 3804; x_wconf 88' lang='lat' dir='ltr'>duos</span> <span class='ocrx_word' id='word_1_189' title='bbox 1049 3739 1118 3806; x_wconf 86' lang='lat' dir='ltr'>dies</span> <span class='ocrx_word' id='word_1_190' title='bbox 1141 3741 1325 3828; x_wconf 82' lang='lat' dir='ltr'>expediatis</span> 
     </span>
     <span class='ocr_line' id='line_1_27' title="bbox 270 3839 1326 3931; baseline 0.001 -23"><span class='ocrx_word' id='word_1_191' title='bbox 270 3844 449 3931; x_wconf 81' lang='lat' dir='ltr'>negotium,</span> <span class='ocrx_word' id='word_1_192' title='bbox 471 3843 500 3908; x_wconf 84' lang='lat' dir='ltr'>si</span> <span class='ocrx_word' id='word_1_193' title='bbox 524 3839 658 3906; x_wconf 89' lang='lat' dir='ltr'>domino</span> <span class='ocrx_word' id='word_1_194' title='bbox 680 3841 751 3926; x_wconf 86' lang='lat' dir='ltr'>regi</span> <span class='ocrx_word' id='word_1_195' title='bbox 777 3845 812 3904; x_wconf 89' lang='lat' dir='ltr'>et</span> <span class='ocrx_word' id='word_1_196' title='bbox 842 3841 1036 3906; x_wconf 82' lang='lat' dir='ltr'>consiliariis</span> <span class='ocrx_word' id='word_1_197' title='bbox 1067 3841 1136 3907; x_wconf 86' lang='lat' dir='ltr'>suia</span> <span class='ocrx_word' id='word_1_198' title='bbox 1165 3844 1326 3928; x_wconf 83' lang='lat' dir='ltr'>placuerit</span> 
     </span>
     <span class='ocr_line' id='line_1_28' title="bbox 270 3942 1324 4033; baseline -0.004 -21"><span class='ocrx_word' id='word_1_199' title='bbox 270 3948 357 4033; x_wconf 90' lang='lat' dir='ltr'>quod</span> <span class='ocrx_word' id='word_1_200' title='bbox 379 3945 551 4032; x_wconf 86' lang='lat' dir='ltr'>negotium</span> <span class='ocrx_word' id='word_1_201' title='bbox 573 3942 620 4009; x_wconf 87' lang='lat' dir='ltr'>sic</span> <span class='ocrx_word' id='word_1_202' title='bbox 642 3943 808 4030; x_wconf 89' lang='lat' dir='ltr'>procedat,</span> <span class='ocrx_word' id='word_1_203' title='bbox 832 3964 911 4007; x_wconf 87' lang='lat' dir='ltr'>nam</span> <span class='ocrx_word' id='word_1_204' title='bbox 933 3943 1008 4009; x_wconf 89' lang='lat' dir='ltr'>ideo</span> <span class='ocrx_word' id='word_1_205' title='bbox 1031 3967 1090 4032; x_wconf 92' lang='lat' dir='ltr'>per</span> <span class='ocrx_word' id='word_1_206' title='bbox 1116 3945 1217 4010; x_wconf 88' lang='lat' dir='ltr'>istum</span> <span class='ocrx_word' id='word_1_207' title='bbox 1241 3967 1324 4009; x_wconf 93' lang='lat' dir='ltr'>nun-</span> 
     </span>
     <span class='ocr_line' id='line_1_29' title="bbox 271 4045 1325 4135; baseline -0.001 -22"><span class='ocrx_word' id='word_1_208' title='bbox 271 4050 357 4114; x_wconf 86' lang='lat' dir='ltr'>tium</span> <span class='ocrx_word' id='word_1_209' title='bbox 380 4049 440 4113; x_wconf 85' lang='lat' dir='ltr'>hae</span> <span class='ocrx_word' id='word_1_210' title='bbox 462 4045 606 4135; x_wconf 74' lang='lat' dir='ltr'>praemisi</span> <span class='ocrx_word' id='word_1_211' title='bbox 628 4045 751 4120; x_wconf 85' lang='lat' dir='ltr'>literas,</span> <span class='ocrx_word' id='word_1_212' title='bbox 766 4048 807 4109; x_wconf 88' lang='lat' dir='ltr'>ut</span> <span class='ocrx_word' id='word_1_213' title='bbox 821 4047 1016 4132; x_wconf 69' lang='lat' dir='ltr'>praemuniti</span> <span class='ocrx_word' id='word_1_214' title='bbox 1032 4047 1135 4112; x_wconf 87' lang='lat' dir='ltr'>citius</span> <span class='ocrx_word' id='word_1_215' title='bbox 1150 4067 1211 4111; x_wconf 86' lang='lat' dir='ltr'>vos</span> <span class='ocrx_word' id='word_1_216' title='bbox 1227 4068 1325 4132; x_wconf 87' lang='lat' dir='ltr'>expe-</span> 
     </span>
     <span class='ocr_line' id='line_1_30' title="bbox 272 4149 1326 4236; baseline -0.003 -19"><span class='ocrx_word' id='word_1_217' title='bbox 272 4151 342 4217; x_wconf 89' lang='lat' dir='ltr'>dire</span> <span class='ocrx_word' id='word_1_218' title='bbox 357 4150 477 4218; x_wconf 84' lang='lat' dir='ltr'>velitis.</span> <span class='ocrx_word' id='word_1_219' title='bbox 519 4149 675 4216; x_wconf 85' lang='lat' dir='ltr'>Ceterum</span> <span class='ocrx_word' id='word_1_220' title='bbox 699 4149 778 4233; x_wconf 87' lang='lat' dir='ltr'>quia</span> <span class='ocrx_word' id='word_1_221' title='bbox 801 4171 875 4214; x_wconf 88' lang='lat' dir='ltr'>mea</span> <span class='ocrx_word' id='word_1_222' title='bbox 891 4155 910 4184; x_wconf 90' lang='lat'><strong><em>“</em></strong></span> <span class='ocrx_word' id='word_1_223' title='bbox 922 4171 974 4214; x_wconf 89' lang='lat' dir='ltr'>res</span> <span class='ocrx_word' id='word_1_224' title='bbox 989 4149 1110 4236; x_wconf 84' lang='lat' dir='ltr'>agitur,</span> <span class='ocrx_word' id='word_1_225' title='bbox 1126 4151 1236 4236; x_wconf 83' lang='lat' dir='ltr'>paries</span> <span class='ocrx_word' id='word_1_226' title='bbox 1251 4172 1326 4215; x_wconf 88' lang='lat' dir='ltr'>cum</span> 
     </span>
     <span class='ocr_line' id='line_1_31' title="bbox 273 4250 1327 4340; baseline -0.001 -21"><span class='ocrx_word' id='word_1_227' title='bbox 273 4259 291 4289; x_wconf 75' lang='lat'>‘³</span> <span class='ocrx_word' id='word_1_228' title='bbox 313 4253 486 4340; x_wconf 84' lang='lat' dir='ltr'>proximus</span> <span class='ocrx_word' id='word_1_229' title='bbox 513 4250 637 4328; x_wconf 88' lang='lat' dir='ltr'>ardet,&#39;&#39;</span> <span class='ocrx_word' id='word_1_230' title='bbox 658 4251 882 4316; x_wconf 87' lang='lat' dir='ltr'>dominationi</span> <span class='ocrx_word' id='word_1_231' title='bbox 906 4255 1026 4316; x_wconf 67' lang='lat' dir='ltr'>vestra)</span> <span class='ocrx_word' id='word_1_232' title='bbox 1051 4252 1198 4338; x_wconf 86' lang='lat' dir='ltr'>supplico</span> <span class='ocrx_word' id='word_1_233' title='bbox 1221 4253 1327 4318; x_wconf 88' lang='lat' dir='ltr'>modis</span> 
     </span>
    </p>
   </div>
   <div class='ocr_carea' id='block_1_5' title="bbox 273 4353 1325 4440">
    <p class='ocr_par' dir='ltr' id='par_1_7' title="bbox 273 4353 1325 4440">
     <span class='ocr_line' id='line_1_32' title="bbox 273 4353 1325 4440; baseline 0.001 -20"><span class='ocrx_word' id='word_1_234' title='bbox 273 4354 425 4420; x_wconf 88' lang='lat' dir='ltr'>omnibus</span> <span class='ocrx_word' id='word_1_235' title='bbox 454 4353 575 4438; x_wconf 89' lang='lat' dir='ltr'>quibus</span> <span class='ocrx_word' id='word_1_236' title='bbox 604 4373 738 4439; x_wconf 86' lang='lat' dir='ltr'>possum</span> <span class='ocrx_word' id='word_1_237' title='bbox 765 4354 854 4438; x_wconf 91' lang='lat' dir='ltr'>quod</span> <span class='ocrx_word' id='word_1_238' title='bbox 883 4353 1058 4440; x_wconf 86' lang='lat' dir='ltr'>negotium</span> <span class='ocrx_word' id='word_1_239' title='bbox 1081 4354 1171 4420; x_wconf 79' lang='lat' dir='ltr'>villae</span> <span class='ocrx_word' id='word_1_240' title='bbox 1195 4359 1325 4433; x_wconf 86' lang='lat' dir='ltr'>nostrae,</span> 
     </span>
    </p>
   </div>
   <div class='ocr_carea' id='block_1_6' title="bbox 272 4617 1328 4832">
    <p class='ocr_par' dir='ltr' id='par_1_8' title="bbox 272 4617 1328 4832">
     <span class='ocr_line' id='line_1_33' title="bbox 307 4617 1327 4686; baseline 0.006 -18"><span class='ocrx_word' id='word_1_241' title='bbox 307 4617 450 4681; x_wconf 81' lang='lat' dir='ltr'>&#39;Compare</span> <span class='ocrx_word' id='word_1_242' title='bbox 475 4617 526 4668; x_wconf 83' lang='lat' dir='ltr'>thia</span> <span class='ocrx_word' id='word_1_243' title='bbox 550 4619 622 4669; x_wconf 78' lang='lat' dir='ltr'>letter</span> <span class='ocrx_word' id='word_1_244' title='bbox 646 4620 708 4670; x_wconf 84' lang='lat' dir='ltr'>with</span> <span class='ocrx_word' id='word_1_245' title='bbox 734 4621 776 4670; x_wconf 83' lang='lat' dir='ltr'>the</span> <span class='ocrx_word' id='word_1_246' title='bbox 826 4621 941 4684; x_wconf 84' lang='lat' dir='ltr'>tinguish</span> <span class='ocrx_word' id='word_1_247' title='bbox 954 4621 1013 4670; x_wconf 89' lang='lat' dir='ltr'>with</span> <span class='ocrx_word' id='word_1_248' title='bbox 1027 4622 1150 4686; x_wconf 79' lang='lat' dir='ltr'>certainty</span> <span class='ocrx_word' id='word_1_249' title='bbox 1163 4625 1273 4674; x_wconf 75' lang='lat' dir='ltr'>bctweai</span> <span class='ocrx_word' id='word_1_250' title='bbox 1286 4624 1327 4674; x_wconf 85' lang='lat' dir='ltr'>the</span> 
     </span>
     <span class='ocr_line' id='line_1_34' title="bbox 272 4697 1328 4770; baseline 0.008 -24"><span class='ocrx_word' id='word_1_251' title='bbox 272 4697 407 4760; x_wconf 81' lang='lat' dir='ltr'>preceding</span> <span class='ocrx_word' id='word_1_252' title='bbox 438 4699 488 4746; x_wconf 81' lang='lat' dir='ltr'>aad</span> <span class='ocrx_word' id='word_1_253' title='bbox 523 4699 608 4748; x_wconf 85' lang='lat' dir='ltr'>letters</span> <span class='ocrx_word' id='word_1_254' title='bbox 644 4699 775 4751; x_wconf 87' lang='lat' dir='ltr'><strong>DXCVI..</strong></span> <span class='ocrx_word' id='word_1_255' title='bbox 827 4701 912 4749; x_wconf 80' lang='lat' dir='ltr'>letters</span> <span class='ocrx_word' id='word_1_256' title='bbox 928 4699 1011 4749; x_wconf 75' lang='lat' dir='ltr'>ulrich</span> <span class='ocrx_word' id='word_1_257' title='bbox 1023 4702 1120 4750; x_wconf 79' lang='lat' dir='ltr'>referto</span> <span class='ocrx_word' id='word_1_258' title='bbox 1130 4703 1174 4752; x_wconf 84' lang='lat' dir='ltr'>the</span> <span class='ocrx_word' id='word_1_259' title='bbox 1186 4708 1235 4752; x_wconf 79' lang='lat' dir='ltr'>two</span> <span class='ocrx_word' id='word_1_260' title='bbox 1252 4719 1328 4770; x_wconf 85' lang='lat' dir='ltr'>nego-</span> 
     </span>
     <span class='ocr_line' id='line_1_35' title="bbox 274 4775 1186 4832; baseline 0.008 -8"><span class='ocrx_word' id='word_1_261' title='bbox 274 4775 395 4827; x_wconf 72' lang='lat' dir='ltr'>cxcix,</span> <span class='ocrx_word' id='word_1_262' title='bbox 429 4776 482 4825; x_wconf 86' lang='lat' dir='ltr'>But</span> <span class='ocrx_word' id='word_1_263' title='bbox 492 4775 512 4826; x_wconf 81' lang='lat' dir='ltr'>it</span> <span class='ocrx_word' id='word_1_264' title='bbox 529 4777 552 4827; x_wconf 85' lang='lat' dir='ltr'>is</span> <span class='ocrx_word' id='word_1_265' title='bbox 571 4777 776 4828; x_wconf 75' lang='lat' dir='ltr'>difficulttodis-</span> <span class='ocrx_word' id='word_1_266' title='bbox 826 4778 1038 4829; x_wconf 72' lang='lat' dir='ltr'>caucasorum</span> <span class='ocrx_word' id='word_1_267' title='bbox 1053 4783 1102 4829; x_wconf 85' lang='lat' dir='ltr'>and</span> <span class='ocrx_word' id='word_1_268' title='bbox 1116 4786 1186 4832; x_wconf 81' lang='lat'><strong>1263.</strong></span> 
     </span>
    </p>
   </div>
   <div class='ocr_carea' id='block_1_7' title="bbox 0 0 1838 5800">
    <p class='ocr_par' dir='ltr' id='par_1_9' title="bbox 0 0 1838 5800">
     <span class='ocr_line' id='line_1_36' title="bbox 0 0 1838 5800; baseline 0 0"><span class='ocrx_word' id='word_1_269' title='bbox 0 0 1838 5800; x_wconf 95' lang='lat' dir='ltr'> </span> 
     </span>
    </p>
   </div>
  </div>
 </body>
</html>
