3609 5800
453 882 516 952 194
606 893 721 946 noran
743 895 816 955 aun
839 893 955 944 orsus
978 892 1183 942 ursrosrcsu
1207 893 1354 945 narrans

284 1085 430 1162 lassatum
450 1090 582 1134 securus
612 1090 803 1156 progressus
835 1071 871 1134 in
906 1090 1051 1156 regnum.
1097 1068 1140 1144 ln
1162 1091 1228 1155 quo
1250 1070 1384 1156 quidem
1406 1070 1434 1134 si
1458 1069 1505 1132 eis

283 1151 391 1268 {iffi
450 1177 599 1238 occurrat
631 1173 835 1239 obstaculum
872 1194 940 1238 non
972 1194 1041 1240 esse
1078 1171 1303 1241 dubitandum
1340 1172 1501 1239 credimus

283 1257 420 1350 caneimy
449 1274 656 1360 aliquatenus
687 1280 748 1343 aut
779 1274 972 1343 curandum.
1017 1275 1088 1341 Nos
1122 1275 1211 1343 enim
1244 1275 1282 1344 in
1314 1275 1408 1343 brevi
1441 1295 1501 1338 vos

283 1353 436 1469 m?
447 1378 584 1444 visitare
606 1378 818 1464 disponimus,
840 1377 1067 1464 hujuscemodi
1089 1400 1187 1465 super
1208 1379 1269 1446 hoc
1290 1377 1386 1444 vobis
1412 1376 1504 1450 exhi-

283 1485 402 1598 inpeue-
449 1481 554 1546 bituri
576 1481 746 1549 consilium
778 1503 836 1566 per
858 1482 948 1567 quod
969 1485 1088 1550 vestra
1120 1504 1157 1546 ac
1179 1486 1302 1550 nostrae
1331 1480 1501 1552 securitati

285 1567 307 1599 w
325 1567 374 1602 ere.
451 1585 595 1650 securius
611 1590 645 1651 et
659 1585 823 1653 salubrius
837 1585 956 1666 valeat,
969 1590 1137 1656 annuente
1153 1584 1306 1666 Domino,
1322 1583 1500 1673 providere.

453 1686 541 1765 Quia
577 1687 605 1751 si
642 1709 701 1774 per
739 1688 892 1774 Quinque
931 1688 1052 1755 Portus
1090 1686 1284 1774 alienigenis
1321 1687 1501 1772 denegetur

452 1789 618 1869 introitus,
641 1789 723 1854 alies
745 1790 792 1854 eis
823 1791 864 1855 de
886 1791 1057 1857 commodo
1088 1794 1164 1855 tuto
1187 1790 1336 1876 ingressu
1358 1794 1393 1854 et
1414 1786 1502 1852 facili

451 1890 698 1977 procurabimus
742 1896 866 1960 certam
912 1898 947 1958 et
991 1892 1153 1979 copiosam
1206 1891 1499 1979 promptitudinem

451 1993 614 2060 exhibere.

496 2097 622 2162 Datum
648 2098 917 2177 Berkhemested,
947 2099 1100 2166 vicesimo
1123 2099 1224 2164 tertio
1256 2097 1309 2164 die
1341 2097 1499 2174 Octobris,

450 2199 632 2267 indictione
654 2201 782 2287 quinta,
805 2202 899 2288 regni
922 2203 1027 2270 nostri
1049 2223 1135 2268 enno
1160 2200 1285 2287 quinte.

920 2603 1043 2670 DLIX.

653 2743 808 2808 erruss
831 2744 970 2807 Psruur
992 2759 1037 2806 or
1060 2741 1193 2808 Husur
1216 2741 1281 2807 III.

685 2877 756 2940 (Bet.
768 2875 825 2927 Pat.
838 2882 870 2926 46
882 2875 950 2928 Heu.
962 2875 1012 2927 111.
1023 2893 1047 2942 p.
1063 2882 1084 2938 l,
1096 2876 1187 2927 memb.
1201 2877 1255 2939 al.)

287 2998 344 3048 Oct.
358 3004 397 3060 28,
498 2996 571 3059 Rex
593 2996 753 3073 omnibus,
775 3001 845 3074 ete,
867 2996 1017 3062 salutem.

286 3070 441 3206 didrlbarons
497 3097 616 3163 Sciatis
638 3099 726 3183 quod
747 3120 807 3163 nos
830 3100 1030 3186 suscepimus
1061 3100 1097 3163 in
1129 3100 1258 3165 salvum
1289 3102 1324 3163 et
1357 3104 1502 3164 securum

285 3222 425 3273 sevocare
452 3199 651 3265 conductum
682 3206 833 3266 nostrum
866 3202 1006 3268 barones
1040 3210 1168 3267 nostros
1200 3202 1367 3267 venientes
1402 3222 1504 3285 usquc

286 3290 432 3405 33⁰3&
453 3301 678 3389 Kyngestone‚
693 3303 736 3368 ad
750 3302 933 3370 instantem
956 3304 1135 3371 crastinum
1162 3304 1383 3390 apostolorum
1398 3304 1504 3369 Simo-

285 3421 413 3485 Kingsron
452 3404 504 3469 nie
518 3411 553 3470 et
575 3406 683 3486 Judae,
707 3428 767 3498 pro
789 3407 997 3475 reformanda
1019 3430 1097 3496 pace
1120 3429 1216 3493 super
1239 3406 1504 3472 contentionibus

285 3489 361 3538 about

286 3570 367 3618 peace.
453 3508 540 3572 inter
562 3530 621 3573 nos
644 3514 679 3573 et
700 3510 789 3596 ipsos
822 3510 974 3576 subortis.
1021 3508 1067 3574 Et
1099 3509 1173 3575 ideo
1196 3509 1290 3574 vobis
1313 3510 1504 3573 mandamus

453 3610 541 3695 quod
563 3610 684 3675 eisdem
707 3616 741 3676 et
763 3612 811 3677 eis
833 3635 915 3698 quos
949 3635 1059 3680 secum
1092 3612 1250 3677 duxerint
1272 3612 1309 3675 in
1332 3611 1502 3687 veniendo,

372 3720 378 3729 “
453 3717 488 3776 et
510 3712 634 3778 ibidem
657 3714 825 3796 morando,
848 3738 907 3787 seu
938 3716 1015 3784 inde
1046 3715 1235 3793 recedendo,
1258 3735 1324 3780 non
1355 3712 1504 3782 inferetis

452 3815 507 3879 vel
538 3815 653 3879 inferri
687 3817 889 3902 permittatis
921 3818 1089 3899 damnum,
1128 3816 1409 3906 impedimentum,
1445 3820 1505 3881 aut

452 3939 640 4003 gravamen
685 3918 728 3983 In
759 3920 860 4007 cujus,
891 3926 951 3987 ete.
984 3922 1158 3989 duraturas
1181 3941 1284 4007 usque
1317 3920 1361 3985 ad
1391 3916 1505 3987 Domi·

451 4021 560 4087 nicam
583 4020 768 4110 proximem
799 4030 874 4111 post
907 4025 1029 4103 festum
1054 4024 1210 4093 Omnium
1234 4022 1439 4101 Sanctorum,
1471 4028 1505 4088 et

451 4145 509 4208 per
546 4128 654 4189 totam
691 4125 899 4193 Dominicam
939 4128 1150 4215 praedictam
1186 4128 1235 4193 ita
1273 4134 1385 4196 tumen
1419 4124 1507 4211 quod

451 4225 516 4311 ipsi
554 4227 623 4291 sine
668 4229 770 4300 armis
807 4231 946 4296 veniant
992 4231 1115 4297 ibidem
1161 4236 1196 4295 et
1232 4236 1403 4297 morentur
1449 4248 1506 4313 per

453 4332 583 4415 tempus
605 4330 809 4417 praedictum.

497 4432 594 4497 Teste
623 4455 698 4521 rege
720 4436 809 4521 apud
834 4434 965 4508 Turrim
998 4437 1185 4515 Londoniae,
1210 4435 1365 4501 vicesimo
1388 4441 1506 4501 octavo

454 4533 506 4598 die
530 4534 689 4601 Octobris.
