3609 5800
139 2565 144 2571 ’
256 2567 348 2628 behalf.

379 872 382 876 ’
428 859 493 923 262
583 873 697 923 ROYAL
719 873 792 922 AND
815 873 932 923 OTHER
955 873 1161 923 moruerunt
1184 872 1330 925 LETTERS

854 1226 1053 1296 DOXVIII.

504 1391 636 1457 Hauur
660 1392 726 1458 III.
749 1411 792 1459 ro
814 1410 884 1459 rur
907 1394 1024 1459 Eunus
1046 1410 1091 1459 or
1114 1394 1308 1460 aurosa-rra
1329 1406 1401 1458 suo

837 1498 1073 1563 Grouousrrs.

627 1645 697 1710 (aot.
711 1644 793 1697 Clam.
805 1651 838 1697 48
850 1646 918 1697 Heu.
930 1646 989 1709 111„
1001 1647 1091 1699 memb.
1104 1651 1120 1695 4
1132 1645 1160 1696 in
1173 1648 1266 1712 dorso.)

160 1747 162 1756 '
257 1785 372 1853 ruyro,
471 1772 544 1839 aex
576 1774 705 1841 oreas
738 1781 774 1841 a
806 1775 960 1841 aderaut
994 1776 1062 1841 sua
1095 1775 1253 1863 spmoni]
1289 1774 1331 1839 a
1361 1742 1476 1839 nola

260 1859 330 1905 ¹²⁶⁴·
405 1874 520 1942 'Foru
550 1878 664 1943 comiti
696 1877 903 1965 Leyoestriae‚
939 1885 973 1945 et
1006 1879 1156 1945 Gilberto
1179 1878 1220 1945 de
1244 1877 1340 1945 Clare
1363 1876 1475 1943 oomiti

426 1978 638 2047 Glouoestriae
660 1983 695 2045 et
718 1979 933 2063 Hertfordiae‚
957 1982 1105 2048 salutem

257 2107 403 2159 Senum
470 2082 555 2148 Oum
602 2104 661 2170 per
706 2085 944 2173 transcriptum
993 2084 1165 2151 literarum
1216 2082 1341 2149 domini
1390 2082 1476 2171 regis

256 2182 377 2305 digamma
424 2184 582 2267 Franeiae,
617 2184 706 2273 quod
739 2188 833 2253 vobis
870 2187 978 2275 pridie
1016 2188 1268 2269 transmisimus,
1303 2186 1476 2253 manifeste

256 2307 372 2373 negotia·
423 2290 623 2376 perpendere
645 2290 788 2377 poesitis‚
811 2292 900 2378 quod
923 2292 951 2357 si
983 2312 1057 2357 oum
1088 2292 1225 2379 praefsto
1248 2312 1324 2378 rege
1347 2293 1382 2355 et
1404 2288 1476 2354 aliis

255 2374 371 2508 {2302
372 2460 386 2494 e
423 2390 464 2457 de
483 2392 635 2480 partibus
650 2394 882 2460 transmarinis
898 2383 1079 2460 tractatum
1103 2394 1192 2481 pacis
1214 2392 1334 2458 habere
1358 2391 1477 2458 debea-

256 2524 290 2557 on
302 2524 367 2573 your
423 2516 505 2575 mus,
528 2502 661 2585 oportet
683 2496 773 2584 quod
805 2498 978 2564 sollemnes
1008 2497 1121 2564 nuntii
1145 2497 1185 2562 de
1207 2494 1343 2561 oonsilio
1364 2501 1477 2561 nostro

422 2603 457 2665 et
486 2605 599 2666 restro
632 2599 702 2668 sint
733 2600 823 2688 apud
853 2601 1039 2668 Bononiam
1071 2601 1125 2666 die
1158 2599 1295 2665 Veneris
1327 2600 1477 2686 proxima

421 2708 497 2790 post
530 2703 652 2769 festum
687 2703 720 2769 S.
743 2704 836 2769 Petri
859 2706 904 2770 ad
927 2704 1076 2785 Vinaria,
1106 2704 1231 2769 seilicet
1263 2702 1316 2769 die
1339 2702 1477 2768 Veneris

422 2812 501 2871 ante
524 2806 795 2893 Assumptionem
820 2807 856 2875 B.
880 2808 1005 2889 Mariae,
1029 2808 1066 2873 in
1093 2828 1262 2875 occursum
1284 2806 1476 2873 nuntiorum

363 2982 367 2991 ,
422 2909 554 2998 praefati
586 2910 683 2998 regie,
717 2917 752 2976 et
789 2911 878 2998 quod
915 2931 976 2978 nos
1013 2912 1085 2999 ipsa
1122 2913 1174 2977 die
1209 2911 1263 2978 vel
1295 2911 1348 2976 die
1378 2909 1402 2976 J
1404 2909 1475 2976 ovis

421 3013 627 3099 praeoedenae
658 3013 761 3079 simus
792 3013 882 3101 apud
905 3014 1096 3096 Dovoriam,
1120 3015 1206 3080 siout
1237 3015 1386 3101 praefato
1405 3013 1475 3100 regi

407 3115 464 3181 'de
494 3117 630 3182 oonsilio
659 3123 853 3204 magnatum
884 3119 942 3206 qui
979 3124 1059 3185 sunt
1089 3118 1262 3184 nobiseum
1292 3117 1475 3182 literatorie

422 3219 690 3308 signifioavimus,
729 3225 764 3286 et
799 3223 878 3308 quia
908 3243 968 3288 vos
998 3226 1132 3310 propter
1161 3221 1361 3288 brevitatem
1393 3225 1476 3286 tem-

422 3323 511 3410 poris
548 3328 583 3390 et
621 3323 817 3391 distantiam
847 3325 994 3392 locorum
1025 3326 1242 3414 personaliter
1271 3326 1331 3391 vix
1361 3323 1473 3390 adesse

420 3427 552 3513 possitis
577 3428 783 3515 tempestive,
811 3447 871 3494 vos
894 3449 1048 3516 rogamus
1069 3435 1242 3516 quatenus,
1264 3433 1357 3494 statu
1381 3427 1474 3515 regni

420 3530 536 3611 nostri,
558 3533 715 3597 mandato
736 3532 867 3619 praefati
881 3531 968 3620 regis
984 3531 1142 3611 Francia,
1167 3537 1201 3597 et
1223 3529 1376 3619 perieulis
1400 3551 1473 3617 quae

420 3633 516 3699 nobis
546 3639 581 3700 et
610 3655 712 3724 regno
742 3639 855 3702 nostro
885 3625 928 3701 ex
958 3635 1189 3724 prorogatione
1228 3635 1309 3700 dieti
1348 3633 1473 3722 negotii

420 3742 578 3824 poterunt
617 3739 791 3804 imminere
830 3738 1010 3826 diligenter
1051 3740 1207 3826 pensatis,
1247 3737 1329 3802 visis
1368 3735 1474 3802 literis

419 3840 622 3928 provideatis
652 3841 694 3908 de
730 3841 861 3908 nuntiis
898 3841 1111 3908 sollemnibus
1149 3847 1183 3908 et
1212 3840 1341 3906 idoneis
1371 3860 1473 3926 usque

420 3944 603 4010 Bononiam
630 3945 807 4011 mittendis
832 3945 875 4009 ad
902 3945 991 4010 diem
1014 3943 1154 4009 Veneris
1181 3943 1418 4032 supradictum,
1439 3947 1473 4010 et

419 4067 493 4113 oum
518 4049 565 4113 eis
588 4048 632 4113 ad
658 4068 718 4114 nos
744 4049 892 4114 mittetis
917 4047 1075 4114 dilectum
1106 4053 1141 4113 et
1167 4047 1296 4113 fidelem
1322 4053 1472 4114 nostrum

419 4149 554 4215 Petrum
593 4149 633 4217 de
671 4151 788 4217 Monte
826 4149 929 4230 Porti,
971 4171 1045 4216 oum
1084 4151 1191 4216 forma
1233 4155 1267 4216 et
1307 4155 1473 4238 potestate

418 4253 585 4319 treotandi
605 4260 640 4319 et
658 4253 815 4319 firmandi
839 4274 961 4340 paoem,
987 4257 1087 4341 prout
1111 4253 1230 4320 melius
1252 4257 1286 4318 et
1306 4253 1472 4318 salubrius

417 4355 519 4421 fuerit
541 4356 738 4422 faciendum.
795 4355 942 4423 Mittetis
973 4357 1074 4422 otiam
1105 4357 1148 4422 ad
1178 4377 1239 4422 nos
1269 4355 1399 4443 aliquos
1428 4356 1472 4422 ed

417 4459 562 4524 eundum
599 4459 770 4526 nobiseum
801 4481 906 4546 usque
938 4460 1131 4538 Dororiam,
1160 4465 1195 4524 et
1224 4459 1267 4524 ad
1299 4459 1471 4525 eonsilium

416 4561 684 4648 impendendum,
715 4569 751 4629 et
787 4583 979 4650 responsum
1009 4563 1139 4629 nuntiis
1169 4562 1327 4629 euntibus
1357 4565 1392 4627 et
1421 4583 1471 4628 re·

416 4664 595 4730 deuntibus
637 4666 809 4732 nobiseum
850 4665 892 4732 de
934 4667 1070 4734 oonsilio
1115 4672 1226 4732 vestro
1272 4665 1471 4751 faciendum,

417 4788 585 4852 quousque
610 4769 827 4854 personaliter
853 4770 1006 4836 veniatis.
