3609 5800
464 854 505 917 36
619 867 733 915 ROYAL
756 868 829 915 ΛΝΒ
852 868 967 917 oann
990 870 1197 919 HISTORICAL
1221 870 1371 918 LE'l'l'EllS

296 1064 371 1113 lhan
455 1045 497 1106 'et
519 1041 599 1126 quia
620 1041 720 1106 blada
743 1046 854 1109 vestra
885 1043 1107 1108 maneriorum
1131 1042 1409 1109 Cantuarensium
1441 1061 1514 1107 cum

295 1130 416 1262 {iiiiii}
462 1144 603 1208 carrucis
624 1149 659 1209 et
680 1144 838 1210 instauris
854 1166 929 1229 qnae
952 1145 1125 1211 habebatis
1147 1145 1271 1210 ibidem
1293 1144 1390 1209 nobis
1404 1148 1516 1209 vestra

295 1264 400 1323 Pasce,
461 1246 596 1331 largitas
619 1244 757 1333 dignata
786 1250 836 1311 est
867 1268 1007 1334 erogare,
1041 1247 1242 1334 benignitati
1263 1252 1383 1313 vestrae
1405 1251 1516 1333 grates

294 1330 378 1462 {¹1:²32}
388 1402 434 1447 not
461 1347 631 1415 referimus
647 1349 796 1434 copiosas
836 1349 887 1415 De
902 1371 940 1414 eo
955 1354 1067 1415 autem
1089 1349 1178 1436 quod
1199 1350 1296 1415 nobis
1318 1349 1514 1437 quibusdam

295 1465 417 1513 masken
461 1450 535 1515 aliis
557 1450 661 1515 literis
684 1452 802 1516 vestris
818 1452 1037 1517 mandavistis
1053 1452 1140 1539 quod
1162 1474 1237 1519 cum
1258 1474 1335 1540 rege
1358 1451 1516 1526 Franciae‚

295 1532 439 1648 {tf’tffissssd'
463 1552 520 1639 qui
541 1553 637 1619 vobis
668 1553 858 1619 inimicatur
888 1554 1021 1637 injuste,
1044 1576 1105 1620 nec
1127 1556 1433 1641 compaternitatem
1455 1574 1516 1617 nec

298 1663 423 1741 theroyul
463 1656 554 1721 aliud
576 1677 679 1742 genus
702 1656 856 1721 amicitiae
879 1656 1132 1739 contrahamus3
1171 1658 1282 1723 sciatis
1316 1657 1405 1744 quod
1438 1657 1516 1723 licet

295 1730 371 1781 Μ
463 1760 561 1825 valde
591 1764 760 1848 acceptum
793 1760 973 1825 habeamus
1006 1767 1042 1827 et
1075 1767 1207 1849 gratum
1241 1763 1303 1829 hoc
1337 1760 1427 1848 quod
1455 1782 1516 1825 nos

463 1864 659 1950 praemunire
692 1868 726 1927 et
759 1862 922 1927 instruere
955 1863 1116 1944 voluistis,
1140 1887 1182 1930 ne
1207 1864 1367 1930 sociamus
1388 1862 1516 1949 aliquid

465 1965 553 2052 quod
585 1964 767 2031 clementiae
789 1968 910 2031 vestrae
933 1966 1053 2032 debeat
1082 1965 1262 2054 displicere,
1285 1968 1321 2031 in
1343 1988 1382 2032 eo
1403 1972 1516 2030 tamen

464 2067 546 2134 satis
567 2068 721 2133 instructi
753 2088 881 2132 eramus
916 2073 950 2134 et
983 2069 1082 2145 cauti,
1106 2069 1188 2134 adeo
1221 2068 1310 2155 quod
1342 2067 1407 2133 iter
1440 2088 1516 2132 nos·

464 2174 553 2235 trum
588 2192 630 2235 ex
662 2174 752 2235 certa
783 2170 921 2236 scientia
952 2171 1168 2248 tardaremus,
1191 2171 1268 2256 quia
1297 2191 1355 2256 per
1376 2190 1514 2255 regnum

466 2272 615 2337 Franciae
649 2272 841 2338 nolebamus
874 2272 1024 2349 transire,
1049 2274 1152 2338 donec
1182 2273 1297 2359 regina
1329 2271 1513 2358 peperisset,

465 2380 500 2439 et
522 2374 632 2439 infans
654 2396 674 2440 a
696 2396 786 2440 sacro
808 2374 898 2440 fonte
922 2375 1039 2439 fuisset
1053 2376 1193 2440 levatus
1227 2373 1424 2460 Sciturique,
1440 2394 1514 2437 cum

464 2498 485 2541 a
516 2476 587 2541 Deo
622 2482 656 2541 et
686 2477 782 2542 vobis
814 2498 1080 2563 recognoscamus
1111 2498 1171 2541 nos
1205 2475 1325 2542 habere
1357 2475 1514 2561 quicquid

464 2579 544 2645 boni
578 2579 733 2665 quicquid
769 2579 901 2645 honoris
936 2579 1103 2655 habemus,
1131 2580 1221 2644 omni
1253 2584 1401 2667 tempore
1434 2579 1514 2643 vitan

464 2688 596 2761 nostrae,
620 2688 787 2747 annuente
819 2681 973 2761 Domino,
996 2681 1108 2769 fugere
1130 2681 1317 2747 curabimus
1340 2687 1375 2747 et
1407 2680 1514 2745 vitare

464 2784 575 2849 omnia
608 2806 681 2870 quac
714 2782 811 2849 vobis
844 2784 973 2869 possint
1007 2784 1061 2848 vel
1096 2783 1240 2850 debeant
1274 2784 1453 2871 displicere,
1481 2787 1515 2846 et

464 2886 575 2951 omnia
596 2885 709 2964 facere,
725 2889 888 2971 quantum
913 2884 1093 2951 secundum
1109 2886 1219 2952 Deum
1233 2887 1424 2973 poterimus,
1440 2907 1513 2972 quse

463 2992 584 3054 vestrae
606 2987 773 3053 credemus
796 3009 864 3052 esse
886 2988 1035 3074 gratante
1057 2988 1226 3054 voluntati
1248 2995 1283 3054 et
1305 2989 1421 3055 honori
1443 3009 1513 3053 ves·

462 3095 516 3156 tro
540 3097 574 3156 et
596 3089 766 3156 commodo
790 3090 973 3155 viderimus
996 3090 1157 3177 expedire.
1205 3090 1305 3156 Unde
1319 3112 1416 3177 super
1430 3112 1513 3176 prae-

463 3192 569 3258 missis
592 3192 673 3258 satis
695 3192 848 3258 instructi
879 3214 1017 3273 eramus,
1041 3193 1127 3258 sicut
1159 3191 1313 3274 diximus,
1337 3197 1513 3279 autequam

461 3317 560 3382 super
580 3295 634 3360 his
656 3299 804 3360 vestrum
827 3293 1020 3360 haberemus
1043 3296 1245 3361 mandatum.

297 3417 417 3468 Thisbes
507 3398 557 3463 De
572 3421 610 3463 eo
626 3403 737 3463 autem
752 3396 840 3483 quod
863 3397 1046 3462 mandastis
1069 3398 1159 3483 quod
1174 3399 1240 3463 iter
1254 3403 1406 3463 nostrum
1422 3419 1514 3462 cura-

296 3485 404 3601 ⁶⁹¹⁸Y⁰J¹
463 3522 570 3565 remus
585 3501 628 3566 ad
642 3501 799 3588 Angliam
813 3505 989 3579 maturare,
1001 3500 1112 3565 sciatis
1127 3500 1216 3586 quod
1229 3499 1313 3564 illud
1327 3520 1395 3564 non
1409 3499 1514 3566 facere

294 3565 437 3684 3prng
464 3603 633 3690 potuimus
659 3609 790 3690 propter
819 3625 951 3668 causam
983 3603 1116 3684 dictam,
1139 3606 1174 3666 et
1196 3602 1277 3688 quia
1299 3624 1404 3688 usque
1425 3624 1514 3667 nune

297 3685 364 3737 Μ·
463 3704 586 3770 fuimus
596 3705 717 3769 nostris
727 3710 761 3769 et
770 3705 950 3770 amicorum
965 3709 1154 3770 nostrorum
1168 3704 1270 3771 variis
1286 3705 1428 3790 negotiis
1442 3704 1515 3790 plu-

464 3807 586 3871 rimum
600 3806 772 3893 impediti;
796 3806 854 3871 sed
869 3807 923 3872 die
938 3807 962 3872 J
963 3807 1036 3872 ovis
1051 3807 1201 3894 proxima
1214 3811 1291 3893 post
1306 3807 1513 3872 Dominioam

464 3910 505 3975 de
520 3909 676 3975 Passione
699 3931 719 3974 a
741 3908 877 3974 civitate
893 3909 1068 3976 Bellicensi
1089 3908 1304 3995 proculdubio
1319 3909 1512 3988 recedemus,

464 4035 538 4078 cum
560 4012 816 4100 prosperita[te],
841 4013 942 4076 dante
965 4011 1117 4090 Domino,
1141 4011 1178 4075 in
1209 4009 1365 4098 Angliam
1391 4011 1514 4097 profec-

464 4115 540 4182 turi.
587 4113 686 4180 Unde
719 4113 960 4201 benignitatem
982 4121 1126 4180 vestram
1157 4117 1320 4200 quantum
1342 4133 1514 4199 possumus

463 4219 624 4285 attentius
649 4217 861 4304 deprecamur
884 4220 1050 4303 quatenus
1077 4217 1280 4282 venerabiles
1303 4214 1421 4279 statres
1438 4235 1513 4279 nos-

463 4321 550 4388 tros¹
577 4321 742 4386 Eliensem
765 4325 800 4385 et
825 4318 1101 4384 Herefordensem
1125 4318 1293 4406 episcopos
1311 4316 1416 4397 nobis,
1432 4317 1514 4382 visis

461 4425 575 4503 literis,
598 4423 686 4511 apud
716 4421 893 4487 Dovcriam
919 4421 1051 4487 obviam
1080 4420 1328 4497 transmittatis,
1355 4418 1514 4485 dilatione

464 4535 498 4593 et
513 4527 679 4592 occasione
701 4523 856 4611 qualibet,
880 4524 909 4588 si
935 4524 1072 4610 placeat,
1086 4523 1329 4610 praetermissa3
1352 4521 1402 4586 ita
1424 4521 1513 4609 quod

846 4808 852 4837 ¹
871 4805 978 4872 aarum]
996 4821 1028 4856 nr
1045 4845 1050 4855 .
1069 4843 1075 4855 .
1094 4842 1109 4866 .,
1121 4805 1177 4855 MS.
