3609 5800
429 810 493 878 232
584 792 699 873 riorus
721 821 794 871 ann
816 821 932 869 ornas
955 819 1161 870 marcarum
1184 820 1329 870 narrans

839 1163 1062 1230 DLXXXIX.

569 1320 784 1414 Lamniana
806 1336 851 1387 ar
874 1321 1025 1387 Gmnrm
1048 1336 1092 1385 ro
1117 1321 1246 1387 Hnssr
1269 1320 1334 1386 III.

789 1472 885 1539 (noyn
895 1472 1138 1537 memnones.)

261 1604 351 1655 About
474 1606 658 1671 Excellenti
681 1606 813 1671 domino
837 1606 1024 1691 H[enrico],
1047 1605 1110 1670 Dei
1132 1604 1242 1692 gratia
1263 1604 1386 1671 illustri
1410 1605 1479 1691 regi
1503 1658 1510 1675 .

429 1708 569 1795 anglia,
587 1707 721 1774 domino
737 1708 930 1793 Hyberniae,
953 1706 1028 1772 duci
1044 1707 1245 1793 Aquitaniae,
1261 1706 1477 1794 L[swelinus]

428 1810 518 1875 filius
541 1810 678 1887 Griffini,
700 1810 850 1897 princeps
872 1808 1002 1875 Walliae
1034 1814 1067 1874 et
1098 1808 1250 1874 dominus
1273 1808 1481 1887 sansadonia,

429 1912 568 1977 salutem
592 1918 625 1978 et
648 1912 802 1977 affectum
824 1912 867 1977 ad
890 1911 1054 1997 obsequia

260 2032 387 2084 lhos-eto
475 2014 691 2081 Excellentiae
717 2018 839 2079 vestrae
872 2014 1099 2099 conquerendo
1131 2012 1361 2099 significamus,
1392 2015 1479 2100 quod

166 2114 170 2121 '
260 2099 385 2217 ffilffn
429 2116 582 2182 dominus
605 2118 753 2203 Rogerus
768 2116 810 2181 de
825 2114 959 2181 Mortuo
983 2115 1077 2194 Mari,
1101 2116 1254 2181 dominus
1278 2115 1479 2181 Humlnedus

261 1670 323 1723 Dec.
336 1673 415 1723 1262.Ι

261 2232 395 2284 Morumer
429 2219 471 2284 de
509 2219 616 2285 Boum
642 2218 766 2304 junior,
799 2222 834 2282 et
870 2217 1019 2303 quidam·
1036 2218 1093 2283 alii
1123 2218 1271 2295 barones,
1303 2223 1337 2284 et
1365 2218 1477 2283 ballivi

238 2300 408 2415 {gemm
428 2321 531 2387 vestri
562 2320 603 2386 de
633 2320 787 2400 marchia,
818 2341 893 2386 cum
925 2320 1072 2384 maxima
1094 2319 1310 2398 multitudine
1333 2320 1477 2386 virorum

261 2431 358 2482 broken
428 2427 631 2489 armatorum
654 2429 689 2487 et
710 2422 870 2510 peditum,
893 2422 1105 2487 intraverunt
1128 2421 1292 2486 violenter
1314 2422 1479 2507 quoddam

261 2498 393 2551 mmm·
427 2530 573 2591 castrum
597 2526 685 2611 quod
708 2530 780 2590 erat
799 2525 836 2589 in
860 2530 974 2590 nostra
997 2523 1126 2602 saisina,
1154 2529 1188 2588 et
1208 2524 1292 2588 illud
1311 2532 1479 2612 coeperunt

428 2626 558 2694 munire
581 2632 616 2693 et
646 2627 832 2708 affortiarc3
869 2630 904 2690 et
927 2648 947 2689 a
969 2626 1064 2689 nobis
1095 2626 1277 2703 ammoniti,
1301 2627 1477 2691 secundum

428 2730 568 2796 formam
590 2734 790 2815 treugarum,
807 2728 847 2793 de
870 2729 960 2793 dicto
986 2731 1094 2792 castro
1114 2726 1293 2792 noluerunt
1309 2728 1480 2817 discedere,

430 2832 533 2896 donec
563 2829 734 2895 obsidione
764 2825 881 2918 posita,
916 2834 951 2894 et
985 2828 1155 2918 denegatis
1187 2830 1234 2895 eis
1271 2830 1480 2910 victualibus,

429 2932 638 2998 obtinuerint
652 2932 693 2998 de
715 2933 811 2998 nobis
833 2932 1002 2998 licentiam
1026 2933 1208 3010 recedendi,
1232 2933 1384 3018 quamvis
1407 2955 1481 3020 pos-

429 3055 537 3100 semus
574 3055 630 3098 eos
659 3055 763 3120 pauco
793 3040 941 3121 tempore
972 3033 1162 3120 compellere
1196 3036 1239 3100 ad
1271 3035 1481 3115 deditionem,

429 3142 563 3224 propter
585 3137 788 3223 paucitatem
810 3157 944 3200 suorum
969 3136 1173 3214 victualium,
1197 3141 1232 3202 et
1254 3137 1481 3204 difficultatem

429 3239 475 3303 eis
498 3237 661 3303 evadendi
683 3237 779 3302 nobis
801 3236 928 3302 invitis.

476 3340 574 3405 Unde
613 3339 691 3425 quia
726 3361 787 3404 nos
824 3340 933 3426 parati
969 3340 1080 3418 simus,
1110 3340 1139 3404 si
1177 3341 1288 3426 aliqua
1324 3349 1482 3429 poterunt

431 3446 547 3508 contra
579 3462 640 3506 nos
673 3446 708 3506 et
740 3446 871 3506 nostros
905 3442 1026 3528 opponi
1056 3441 1098 3506 de
1129 3442 1367 3530 interceptione
1394 3453 1480 3512 treu-

430 3565 557 3630 garum,
584 3542 857 3609 convonientibus
887 3564 931 3608 ex
961 3549 1101 3629 utraque
1135 3550 1229 3630 parte
1263 3545 1481 3613 dictatoribus

430 3653 630 3732 treugarum,
652 3645 723 3709 loco
752 3665 895 3730 congruo
920 3651 955 3709 et
977 3650 1124 3731 tempore
1146 3649 1346 3733 competenti
1367 3651 1480 3715 eadem

431 3747 626 3827 ernendare;
661 3747 742 3811 dum
771 3752 884 3812 tamen
914 3746 998 3812 dicti
1024 3747 1163 3813 barones
1193 3770 1291 3836 super
1324 3751 1376 3817 his
1408 3775 1480 3838 quac

430 3873 546 3915 versus
582 3870 642 3914 nos
680 3849 874 3936 transgressi
918 3853 998 3914 sunt
1044 3849 1166 3915 similes
1207 3851 1332 3918 faciant
1374 3876 1481 3921 emen-

431 3953 514 4033 das;
561 3973 714 4038 rogamus
758 3951 863 4038 igItur
915 3949 1126 4016 nobilitatem
1172 3959 1206 4018 ct
1252 3954 1481 4022 discretionem

430 4057 583 4132 vestram,
630 4057 793 4140 quatenus
830 4074 897 4117 non
936 4051 1080 4118 multum
1109 4056 1310 4121 moveamini
1347 4063 1481 4146 propter

431 4156 540 4220 minus
576 4154 790 4220 rationabiles
831 4153 981 4240 querelas
1026 4154 1251 4222 marchionum
1294 4159 1335 4224 ds
1377 4160 1481 4239 nobis,

430 4258 533 4322 donec
576 4257 618 4321 de
662 4261 776 4322 nostro
818 4255 916 4334 facto,
954 4261 988 4320 et
1035 4257 1074 4322 de
1112 4279 1211 4324 causa
1251 4259 1331 4326 facti
1374 4262 1480 4328 discu-

430 4357 523 4424 tiatis
560 4357 743 4424 vamtatem.
813 4357 1031 4444 Quamplures
1073 4363 1184 4425 autem
1223 4383 1330 4428 coram
1364 4365 1481 4450 majes-

760 4679 768 4708 ¹
788 4677 835 4728 Sec
846 4677 919 4728 letter
928 4677 1120 4730 DLXXXVII.
