3609 5800
443 915 507 980 118
598 924 713 976 noran
734 923 809 974 uun
831 925 947 974 orsus
970 923 1176 975 msrorucm
1199 925 1349 976 aurnuns

274 1112 408 1190 laterano
447 1101 588 1167 formam
611 1100 809 1188 procedendi
831 1101 937 1189 magis
959 1101 1162 1166 fructuosam
1184 1099 1221 1166 iu
1243 1102 1347 1167 crucis
1369 1103 1502 1189 negotio

274 1177 415 1303 ffifflfl
450 1203 626 1292 provisuri,
649 1223 724 1280 cum
748 1206 858 1270 certus
880 1203 1058 1270 existerem
1080 1225 1138 1290 per
1160 1203 1301 1291 majores
1332 1203 1503 1290 utriusque

276 1311 404 1361 suumve
454 1307 580 1374 ordinis
611 1307 701 1394 quod
732 1307 777 1372 sd
810 1327 940 1371 omnem
975 1307 1184 1372 voluntatem
1213 1327 1322 1373 meam
1343 1306 1408 1394 ipsi
1429 1329 1504 1374 suos

276 1384 421 1510 ffiffi'
452 1410 580 1477 animos
601 1409 808 1488 inclinarent,
831 1430 903 1476 ecce
926 1409 1033 1475 literae
1060 1409 1186 1500 domini
1207 1409 1294 1496 regis
1318 1414 1353 1475 et
1375 1414 1504 1488 vestre,

451 1535 525 1600 quae
548 1513 701 1599 perleve
723 1511 955 1599 compendium
985 1511 1113 1577 dictum
1142 1512 1313 1598 negotium
1335 1512 1379 1577 ad
1400 1533 1501 1600 grave

452 1614 661 1702 dispendium
693 1615 747 1679 vel
780 1614 892 1702 potius
924 1613 1146 1701 praecipitium
1179 1614 1397 1681 deduxerunt.
1444 1615 1500 1681 In·

448 1739 596 1806 gressum
627 1717 717 1782 euim
749 1721 883 1803 portum
914 1715 1136 1802 expeditionis
1167 1721 1329 1803 tanquam
1359 1718 1401 1783 ud
1427 1741 1500 1806 pro-

448 1821 567 1886 fundas
596 1820 697 1884 mans
726 1820 862 1884 remites
892 1817 1083 1902 rejeoenmt.
1129 1817 1200 1884 Nec
1228 1818 1327 1884 video
1361 1820 1502 1906 qualiter

449 1923 530 1988 dicti
563 1921 682 1986 fratres
715 1921 758 1986 ad
789 1921 933 2007 primum
963 1920 1169 2008 propositum
1201 1921 1411 1988 reducantur.
1457 1923 1502 1989 Et

450 2047 525 2090 cum
547 2024 584 2088 in
614 2022 754 2110 singulis
787 2022 984 2088 dioeoesibus
1014 2044 1118 2088 unum
1149 2023 1204 2090 vel
1234 2023 1344 2110 plures
1370 2023 1502 2092 clericos

449 2129 571 2193 babere
601 2129 761 2213 oporteat,
792 2124 850 2211 qui
881 2125 982 2192 salvis
1017 2125 1169 2214 expensis
1201 2130 1235 2192 et
1266 2127 1413 2192 mercede
1444 2150 1502 2215 per

454 2230 600 2317 singulus
622 2229 793 2315 parochias
814 2249 912 2316 super
934 2227 1052 2315 legatis
1076 2233 1111 2294 et
1132 2229 1208 2294 aliis
1229 2228 1506 2296 subventionibus

449 2331 682 2419 inquisitiones
713 2331 838 2397 faciant
868 2351 944 2396 cum
976 2331 1116 2408 decenis,
1154 2331 1331 2419 gauderem
1363 2333 1436 2418 jam
1474 2335 1502 2398 si

449 2435 514 2522 ipsi
535 2434 654 2499 fratres
675 2433 801 2499 vellent
830 2455 892 2500 nos
909 2432 1038 2519 juvare,
1062 2433 1181 2499 saltem
1207 2434 1246 2498 in
1275 2435 1355 2521 ipsis
1380 2434 1503 2502 clericis

449 2537 607 2624 eligendis
659 2541 695 2602 et
739 2536 1012 2622 inquisitionibus
1066 2537 1233 2616 interesse,
1278 2541 1319 2602 ut
1375 2538 1503 2604 cautius

450 2641 652 2707 fructuosius
682 2643 718 2706 et
755 2639 885 2705 fidelius
924 2640 1128 2726 procedetur.
1190 2639 1351 2729 Expmsse
1389 2641 1504 2706 dicunt

451 2743 516 2809 sibi
564 2743 746 2808 inhibitum
792 2763 835 2807 ne
883 2742 1058 2830 pecuniam
1103 2746 1246 2828 tangunt
1291 2748 1351 2808 aut
1399 2743 1503 2830 ipsam

449 2845 611 2932 recipiant
632 2845 668 2909 in
691 2843 760 2910 suis
782 2844 935 2911 domibus
957 2845 1191 2933 deponendum.

282 2948 347 3065 Tfhffi
354 2948 438 3065 iffi
496 2947 533 3013 Si
555 2946 679 3013 eisdem
694 2948 968 3016 Praedicatoribus
984 2948 1148 3014 duxeritis
1167 2946 1280 3014 literae
1295 2948 1505 3015 destinandas

282 3031 389 3131 batia
449 3050 607 3116 nuntium
629 3050 779 3116 celeriter
798 3052 989 3118 remittatis.
1034 3050 1225 3138 Capitulum
1250 3051 1337 3117 enim
1370 3052 1502 3138 provin-

282 3147 421 3210 important
449 3152 531 3220 ciale
567 3152 825 3219 Praedicatorum
855 3155 921 3219 erit
951 3144 1074 3220 Oasseli
1103 3154 1223 3219 ultimo
1252 3154 1307 3219 die
1340 3154 1443 3231 Junii,
1470 3158 1505 3219 et

282 3215 429 3345 liffifly
450 3255 631 3343 capitulum
652 3255 794 3321 fratrum
810 3256 977 3321 Minorum
992 3256 1056 3321 erit
1078 3255 1115 3320 in
1132 3256 1258 3322 octabis
1281 3258 1501 3343 apostolorum

281 3344 374 3463 &iffi
452 3358 544 3423 Petri
565 3362 601 3423 et
614 3358 710 3423 Pauli
732 3358 821 3445 apud
844 3358 928 3423 Roas
950 3358 987 3422 iu
1002 3356 1135 3424 dioecesi
1151 3358 1318 3441 Feruensi,
1334 3382 1408 3445 quae
1423 3360 1505 3425 villa

374 3450 380 3463 ’
453 3460 559 3527 distet
580 3482 639 3546 per
661 3460 783 3547 viginti
805 3459 961 3526 milliaria
984 3482 1004 3525 a
1027 3460 1164 3528 Casselo.
1201 3461 1347 3547 Utrique
1361 3462 1504 3548 capitulo

454 3584 602 3651 propono
638 3562 854 3649 personaliter
891 3562 1058 3644 interesse,
1098 3584 1172 3629 cum
1216 3562 1373 3629 fratribus
1410 3586 1507 3652 super

454 3666 629 3751 saepedicto
666 3665 801 3751 negotio
838 3664 1036 3751 colloquium
1074 3665 1270 3745 habiturus3
1310 3667 1373 3746 en't
1417 3668 1505 3733 enim

455 3766 586 3833 difficile
612 3767 700 3855 ipsos
731 3767 847 3833 solutis
877 3768 1032 3855 capitulis
1066 3766 1188 3833 itemm
1218 3770 1414 3857 congregari.
1460 3771 1505 3835 Et

455 3870 540 3935 cirea
570 3870 672 3936 finem
706 3870 859 3937 autumni
891 3873 926 3935 et
960 3870 1161 3958 principium
1190 3871 1320 3956 hyemis
1342 3873 1509 3961 oportebit

456 3972 607 4058 colligere
629 3973 739 4059 legata
753 3978 788 4038 ct
810 3972 893 4037 alias
917 3971 1171 4038 subventiones¹
1198 3975 1299 4040 crucis
1322 3975 1365 4040 ab
1388 3974 1509 4040 Hiber-

458 4075 637 4155 niensibus,
676 4073 755 4139 dum
793 4074 921 4160 aliquid
960 4074 1105 4157 habent3
1140 4098 1204 4162 quo
1242 4079 1388 4165 tempore
1420 4078 1510 4164 lapso

456 4197 574 4263 parum
596 4176 749 4263 plurimis
770 4176 963 4242 remanebit.
1003 4176 1087 4259 Quae
1111 4178 1234 4243 etenim
1249 4178 1330 4245 satis
1346 4178 1510 4245 diminute

458 4283 660 4365 congregant
705 4278 850 4343 multum
887 4278 1075 4345 inordinate
1112 4286 1318 4359 consumunt,
1356 4286 1390 4346 et
1427 4282 1508 4346 dum

486 4640 493 4669 ¹
512 4638 691 4706 mtamtonea]
721 4628 866 4702 obuento'es,
888 4638 955 4703 MS.¹
1006 4642 1050 4693 the
1062 4658 1131 4694 error
1149 4646 1210 4694 ofc
1229 4645 1333 4711 copyist,
1344 4645 1510 4697 mbvcntr'cnea

453 4718 602 4784 apparently
613 4740 620 4781 ;
632 4721 677 4771 but
688 4720 800 4771 whether
805 4722 870 4772 theo
879 4720 903 4789 iq
913 4722 956 4773 the
1006 4731 1073 4775 must
1084 4724 1116 4775 be
1126 4723 1170 4775 the
1180 4724 1251 4775 word
1261 4724 1386 4776 intended.

453 4800 957 4868 remuinsofuurpartinllyeffaccdor
