3609 5800
470 863 537 923 114
620 873 736 923 norun
758 873 830 922 aun
853 873 969 923 ornan
992 873 1200 924 srsronroan
1222 875 1372 925 inruens

469 1053 583 1114 nostro
628 1049 746 1114 comite
790 1048 996 1135 supradict03
1030 1048 1109 1134 quia
1145 1052 1259 1115 tamen
1298 1069 1358 1114 vos
1396 1047 1521 1112 haum

469 1150 561 1216 istud
606 1149 724 1216 melius
768 1150 883 1229 noscis,
929 1153 964 1216 et
1009 1149 1083 1236 plus
1133 1151 1285 1216 omnibus
1329 1149 1521 1216 viventibus

469 1274 530 1340 pro
558 1252 646 1319 fecto
676 1255 741 1319 isto
775 1253 958 1332 laborastis,
989 1251 1255 1319 informationem
1288 1253 1520 1340 praedictorum

469 1357 662 1422 nuntiorum
694 1360 730 1421 et
758 1355 1010 1421 instructionem
1039 1355 1225 1432 eorundem,
1248 1360 1318 1421 tam
1345 1376 1442 1442 super
1471 1354 1522 1418 his

470 1457 618 1524 articulis
641 1478 741 1543 quam
764 1479 864 1544 super
885 1456 1040 1522 omnibus
1066 1457 1141 1522 aliis
1170 1458 1212 1522 de
1238 1459 1358 1543 quibus
1384 1458 1472 1544 ipsos
1502 1477 1523 1520 s

469 1559 560 1626 dicto
594 1581 670 1648 rege
700 1559 913 1646 requirendos
943 1581 1012 1626 esse
1047 1560 1190 1639 creditis,
1213 1566 1333 1626 vestrae
1364 1557 1519 1625 fidelitati

470 1669 505 1728 et
526 1661 719 1729 discretioni
745 1663 898 1729 totaliter
923 1661 1172 1742 committimus,
1196 1662 1477 1749 qualitercumque
1501 1683 1522 1726 a

469 1765 565 1830 nobis
587 1771 622 1830 et
644 1763 778 1830 consilio
808 1771 921 1830 nostro
945 1765 1023 1830 inde
1048 1763 1175 1830 fuerint
1198 1764 1377 1831 informati.
1424 1764 1520 1845 Quod

470 1869 499 1932 si
519 1869 675 1956 expedire
697 1869 849 1935 videritis
870 1874 906 1935 et
929 1868 1099 1935 commode
1121 1870 1193 1936 fieri
1211 1875 1329 1958 posset,
1350 1869 1521 1936 consilium

470 1969 660 2057 W[illelmi]
698 1971 738 2036 cle
776 1970 935 2036 Valencia
972 1971 1086 2036 fratris
1115 1973 1231 2050 nostri,
1265 1971 1442 2058 S[imonis]
1481 1969 1521 2034 de

471 2072 586 2137 Monte
618 2073 711 2138 Forti
747 2074 877 2138 comitis
909 2073 1103 2154 leicestrie,
1134 2077 1168 2139 et
1200 2073 1362 2160 R[icanii]
1393 2072 1522 2140 comitis

472 2173 688 2240 Gloucsstriae
710 2196 809 2262 super
830 2175 882 2240 his
906 2175 1063 2242 habeatis.
1111 2175 1278 2242 Mittimus
1301 2175 1403 2242 etiam
1425 2175 1521 2240 vobis

471 2277 709 2363 transcriptum
741 2277 913 2342 literarum
945 2299 1027 2364 ques
1056 2279 1126 2366 regi
1157 2277 1322 2345 Castelliae
1356 2277 1521 2344 mittimus

469 2399 528 2464 per
549 2379 680 2444 eosdem
701 2377 920 2465 praesentibus
941 2379 1162 2446 interclusum
1198 2381 1250 2445 De
1272 2385 1389 2468 treuga
1410 2385 1521 2445 autem

471 2480 618 2548 Franciae
650 2482 858 2571 proroganda
879 2488 915 2548 et
938 2483 978 2548 de
1001 2482 1088 2548 facto
1116 2483 1245 2548 comitis
1268 2481 1390 2549 Gahiae
1417 2503 1521 2569 nuper

469 2584 564 2649 vobis
601 2606 660 2671 per
701 2585 837 2650 Petrum
876 2585 918 2650 dc
960 2585 1076 2650 Monte
1107 2585 1201 2650 Forti
1241 2590 1389 2651 nostram
1427 2585 1521 2650 vobis

469 2686 659 2772 scripsimus
690 2687 907 2766 voluntatem,
938 2695 1038 2774 prout
1062 2689 1102 2753 de
1127 2687 1262 2754 consilio
1287 2689 1366 2753 dicti
1392 2688 1521 2752 comitis

470 2789 585 2853 fratris
623 2790 730 2856 nostri
774 2790 885 2856 fuerat
922 2791 1120 2857 ordinatum.
1173 2792 1270 2857 Teste
1314 2811 1389 2878 rege
1434 2790 1521 2877 apud

472 2889 647 2970 Oxoniam,
669 2891 849 2978 [tricesimo
872 2892 926 2960 die
949 2893 1129 2981 ianuarii}

939 3328 1046 3395 DVII.

658 3478 788 3545 Hmar
811 3479 877 3545 III.
901 3496 944 3547 ro
968 3480 1136 3549 Wrnnmu
1159 3484 1338 3561 Boucunn
1389 3460 1396 3471 ⁸

668 3610 739 3674 (soc
751 3610 835 3664 Clara
847 3618 880 3662 4ο
891 3612 958 3665 Heu.
970 3614 1029 3679 111,
1040 3618 1132 3667 memb.
1145 3622 1176 3667 la
1186 3617 1214 3667 in
1225 3618 1321 3682 dorso.)

301 3748 458 3815 Murro),
516 3722 588 3788 Rex
610 3722 777 3791 Willelmo
800 3726 962 3814 Bonquer,
987 3729 1134 3796 salutem.

302 3818 399 3945 {affin
515 3823 565 3889 De
608 3826 909 3917 circumspectionis
947 3836 1067 3899 vestrae
1105 3833 1281 3920 prudentia
1318 3835 1518 3901 confidentes

301 3925 440 4025 trigua'or
469 3933 646 4014 magnast
678 3932 782 3997 ardua
811 3932 947 4019 negotia
976 3934 1072 4001 vobis
1095 3935 1251 4003 duximus
1273 3938 1517 4015 committenda,

300 4026 430 4147 mite
468 4036 639 4115 sperantes
661 4037 700 4097 ut
723 4054 782 4120 per
802 4039 923 4101 vestrae
954 4038 1160 4105 discretionis
1183 4040 1380 4105 industriam
1407 4046 1519 4107 nostra

302 4160 447 4215 dertona
467 4130 611 4199 intentio
642 4133 769 4201 felicem
807 4138 966 4204 sortiatur
996 4145 1160 4207 eventum.
1223 4142 1407 4231 Eapropter
1436 4144 1516 4208 fide·

300 4226 344 4341 ἓξ
354 4230 455 4299 empirej
466 4232 556 4298 litati
593 4239 714 4303 restrae
751 4238 975 4325 significamus
1020 4243 1107 4329 quod
1152 4248 1276 4312 nostrae
1320 4244 1516 4312 intentionis

300 4304 411 4423 suffit
467 4334 584 4402 existit
613 4341 648 4404 et
668 4338 750 4417 voti,
776 4345 816 4407 ut
838 4342 916 4409 talis
939 4342 975 4409 in
998 4364 1108 4432 regem
1132 4344 1352 4414 Allemanniae
1375 4349 1517 4436 eligatur

299 4429 379 4477 ianoe.

644 4554 934 4566 --ι-ἦ-..-.

938 4562 1037 4568 ψ.-
1074 4564 1229 4571 ——---.-
1256 4566 1513 4573 -——--.——-—-

466 4683 592 4814 ἢιὲιῖΊἾιίι
602 4686 624 4738 is
636 4688 680 4741 tho
690 4688 740 4742 last
751 4692 808 4744 date
819 4709 851 4743 on
863 4694 906 4749 the
917 4694 965 4747 roll
982 4696 1067 4750 before
1085 4698 1137 4751 this
1148 4700 1228 4763 letter,
1243 4698 1328 4753 which
1345 4700 1367 4751 is
1386 4708 1431 4752 not
1442 4701 1516 4753 dated
