3609 5800
687 885 867 936 scaurum
891 886 940 938 ιιι
1271 871 1335 947 395

283 1059 364 1132 regis
382 1058 502 1116 veniant
519 1058 558 1118 sd
574 1059 695 1116 brevem
714 1057 793 1116 diem
810 1059 878 1116 iude
897 1059 1084 1133 responsurir
1097 1065 1135 1118 et
1152 1061 1272 1118 unicum
1286 1061 1338 1117 ha·

284 1143 371 1200 beent
388 1144 545 1209 sasoniam,
566 1143 593 1200 si
611 1143 722 1200 suerint
739 1143 770 1200 in
787 1161 888 1216 regno,
909 1149 940 1200 et
955 1145 1149 1202 incontinenti
1175 1146 1339 1204 deliberen-

284 1233 334 1282 tur
359 1228 550 1299 conquerenti
577 1228 678 1284 averia
703 1227 766 1282 sive
794 1227 993 1288 districtiones
1018 1229 1085 1286 alias
1107 1230 1163 1288 hac
1187 1231 1339 1286 mensione

284 1311 370 1378 iacta,
391 1317 421 1369 et
438 1311 600 1368 deliberata
626 1316 804 1376 remaneant,
824 1311 916 1368 donec
942 1313 1085 1384 placitum
1109 1315 1187 1370 inter
1213 1331 1263 1370 eos
1280 1320 1339 1379 ter-

284 1396 421 1452 minetur.
468 1396 508 1452 llt
535 1396 561 1452 si
591 1395 703 1452 domiui
732 1394 832 1462 curin,
861 1395 913 1468 qui
943 1396 1142 1453 districtiones
1171 1397 1341 1468 huiusmodi

285 1479 417 1544 iecerint,
432 1478 470 1535 ad
488 1479 567 1534 diem
586 1477 623 1534 ad
642 1497 729 1550 quem
748 1480 901 1536 attachiati
919 1480 1031 1536 fuerint
1048 1498 1108 1538 non
1124 1482 1267 1548 venerint,
1290 1483 1340 1538 vel

286 1563 364 1620 diem
381 1578 434 1636 per
452 1564 601 1620 eseouium
628 1563 685 1620 sibi
713 1562 815 1621 datum
839 1581 898 1619 non
924 1563 1153 1630 observaverint,
1173 1571 1244 1622 tunc
1261 1584 1341 1622 man-

286 1646 372 1704 detur
389 1647 557 1704 vicecomiti
583 1646 662 1718 quod
689 1664 738 1704 eos
768 1647 806 1704 ad
832 1647 912 1705 diem
936 1647 1024 1704 illum
1048 1649 1150 1706 venire
1177 1649 1275 1714 faciat,
1302 1650 1340 1706 ad

287 1749 374 1804 quem
392 1731 470 1788 diem
489 1731 515 1788 si
533 1747 591 1788 uon
609 1730 753 1796 venerint,
767 1731 924 1790 mandetur
941 1732 1107 1789 vicecomiti
1126 1732 1204 1804 qnod
1221 1733 1340 1790 distrin-

287 1821 339 1888 gat
356 1833 406 1872 eos
425 1831 477 1888 per
495 1815 594 1872 omnia
612 1831 678 1886 qua
696 1815 805 1870 hebent
832 1815 864 1870 in
890 1815 1002 1872 balliva
1019 1833 1081 1881 sna,
1101 1817 1144 1874 ita
1170 1817 1249 1890 quod
1273 1819 1341 1890 regi

286 1898 461 1972 respoudeat
478 1898 514 1954 de
532 1898 669 1963 exitibus,
690 1903 720 1956 et
739 1898 818 1969 quod
834 1899 942 1955 habeat
965 1917 1067 1956 eornm
1084 1917 1208 1972 corpora
1224 1900 1262 1956 ad
1279 1919 1341 1958 eer-

286 1988 350 2040 tum
369 1981 446 2040 diem
464 1982 745 2054 praefigendum,'ita
763 1983 841 2054 quod
859 1984 885 2039 si
903 1983 952 2038 die
970 1984 1022 2039 illo
1039 2002 1098 2040 non
1114 1986 1258 2051 venerint,
1272 2003 1341 2058 pars

287 2083 467 2138 conquerens
486 2071 534 2124 eat
550 2066 619 2124 inde
638 2067 700 2125 stne
719 2066 767 2122 die
786 2073 817 2124 et
835 2067 935 2123 averia
961 2068 1025 2125 sive
1052 2069 1118 2124 alius
1143 2069 1341 2126 districtiones

287 2151 450 2208 deliberata
475 2155 652 2216 remaneant,
673 2149 764 2206 donee
794 2151 852 2224 ipsi
877 2151 990 2208 domini
1014 2158 1125 2210 sectam
1149 2153 1232 2210 illam
1257 2171 1341 2210 reon·

287 2235 455 2308 paraverint
471 2252 524 2306 per
542 2235 804 2292 considerationem
823 2236 914 2293 ouriae
932 2236 1043 2294 domiui
1066 2238 1157 2308 regis,
1177 2243 1208 2294 et
1225 2244 1343 2296 cessent

287 2319 405 2374 interim
424 2317 623 2374 dismictioncs
641 2318 820 2390 hujusmodi,
840 2319 922 2374 salvo
947 2318 1072 2376 dominis
1096 2321 1186 2376 eumue
1200 2321 1270 2393 jure
1287 2339 1341 2379 sno

288 2402 324 2459 da
342 2403 430 2459 sectis
448 2402 510 2458 illis
528 2403 733 2474 perquirendis
752 2403 784 2456 in
802 2403 896 2458 forma
910 2403 998 2472 juris,
1018 2419 1087 2458 cum
1104 2404 1172 2459 inde
1189 2405 1272 2478 loqui
1290 2423 1341 2460 vo-

287 2485 405 2544 luerint.
442 2486 567 2544 Etcum
585 2486 696 2542 domini
714 2487 804 2542 curiae
823 2487 958 2542 venerint
975 2488 1145 2559 responsuri
1162 2505 1341 2560 conqueren-

288 2570 367 2627 tibus
385 2570 421 2627 de
439 2569 609 2642 hujusmodi
627 2570 870 2634 districtionibus,
896 2571 923 2626 si
940 2588 1030 2642 super
1047 2570 1102 2628 hoo
1120 2573 1339 2639 convincantur,

288 2659 358 2710 tunc
375 2671 428 2726 per
446 2653 708 2711 considerationem
720 2654 810 2710 curie
821 2660 996 2726 recuperent
1007 2662 1219 2726 conquerentes
1236 2674 1340 2714 versus

289 2755 338 2794 eos
356 2737 461 2794 damna
487 2755 542 2794 sua
568 2755 633 2808 quse
660 2737 864 2794 sustinuerunt
889 2736 1041 2794 occasione
1059 2738 1208 2810 praedictas
1224 2740 1341 2796 distric-

289 2821 385 2878 tionis.
424 2820 523 2877 Simili
549 2825 646 2876 antem
673 2820 769 2886 modo,
796 2821 823 2878 si
849 2825 982 2878 tenentes
1010 2827 1078 2894 post
1101 2822 1176 2878 hauc
1201 2824 1341 2880 consutu-

290 2906 397 2963 tionem
416 2905 588 2963 subtrahont
605 2904 731 2961 dominis
760 2905 821 2961 suis
847 2910 943 2963 sectas
969 2924 1042 2977 quas
1060 2908 1157 2963 faeere
1174 2907 1290 2974 debent,
1310 2914 1341 2965 et

290 3008 363 3061 quas
391 2994 457 3045 ante
484 2993 600 3060 tempus
626 2987 801 3059 supradicte
827 2989 1075 3047 transfretationis
1094 2997 1125 3047 et
1140 2991 1281 3047 hsctenm
1299 2992 1341 3047 fa·

290 3091 356 3131 cere
374 3077 593 3137 consueverant,
608 3090 661 3143 per
679 3072 801 3127 eandem
815 3073 964 3144 justitiam
982 3080 1012 3130 et
1029 3076 1210 3133 celeritatem
1229 3093 1286 3147 quo
1304 3076 1341 3131 ad

290 3158 353 3213 dies
383 3156 577 3229 praefigendas
608 3162 637 3211 et
662 3156 862 3213 districtiones
888 3156 1097 3229 adjudicandos
1127 3165 1341 3231 consequantur

290 3240 400 3295 domini
425 3239 514 3295 curias
538 3239 686 3311 justitiam
704 3239 740 3296 de
758 3240 847 3297 sectis
872 3239 943 3306 illis,
963 3260 1023 3297 una
1048 3260 1117 3298 cum
1135 3242 1249 3299 damnis
1267 3243 1340 3309 suis,

291 3323 535 3395 quemadmodum
552 3330 684 3379 tenentes
697 3342 751 3379 sna
766 3323 871 3379 damna
881 3332 1064 3396 recuperant.
1100 3326 1140 3381 nt
1156 3328 1212 3383 hoc
1230 3328 1342 3383 scilieet

290 3407 326 3462 de
352 3407 465 3463 damnis
492 3407 699 3479 recuperandis
730 3407 913 3479 intelligatur
943 3409 979 3463 de
1009 3410 1255 3465 subtractionibus
1283 3411 1341 3466 sibi

289 3492 384 3557 factis,
399 3496 430 3545 et
446 3508 504 3545 non
516 3490 552 3546 de
565 3490 811 3548 subtractionibus
826 3491 911 3547 factis
923 3492 1187 3562 predecessoribus
1200 3495 1339 3565 ipsorum.

290 3574 502 3631 Verumtamen
520 3575 630 3631 domini
648 3574 737 3631 ouriae
762 3592 865 3631 versus
892 3581 1025 3633 tenentes
1052 3594 1120 3635 snos
1148 3579 1286 3635 seisinana
1303 3579 1340 3634 de

291 3658 379 3715 sectis
396 3658 565 3730 hujusmodi
583 3676 757 3731 recuperare
782 3677 841 3715 nou
865 3665 1004 3731 poterunt
1023 3680 1077 3734 per
1094 3663 1243 3729 defaltam,
1263 3662 1341 3719 sicut

291 3760 345 3798 nec
362 3743 502 3799 hactenus
521 3742 585 3797 fleri
603 3744 763 3798 consuevit.
801 3743 846 3797 De
870 3745 959 3799 sectis
983 3752 1082 3802 autem
1099 3765 1165 3818 quse
1183 3752 1251 3803 ante
1268 3753 1340 3803 tcm-

290 3844 347 3898 pus
368 3826 542 3899 supradicte
560 3826 806 3883 tranehctationis
834 3828 991 3885 subtractae
1016 3832 1144 3897 fuerunt,
1171 3836 1271 3888 currat
1292 3832 1340 3887 lex

291 3910 463 3975 communis,
483 3912 561 3966 sicut
578 3912 659 3982 prins
678 3928 796 3965 currere
815 3914 975 3969 cousuevit.

327 3994 372 4049 De
390 3999 475 4050 turno
492 3995 698 4051 vicecomitum
710 3996 860 4065 provisum
879 4002 934 4062 ast,
953 4002 988 4053 ut
1004 4014 1123 4053 necesso
1140 4016 1198 4055 uon
1215 3999 1341 4055 habeant
1352 4002 1508 4045 visenerina

291 4078 333 4133 ibi
360 4079 461 4133 venire
491 4078 712 4150 archiepiscopi,
742 4078 882 4151 episcopi,
902 4080 1031 4147 abbates,
1057 4082 1180 4153 priores,
1207 4083 1338 4147 comites,
1351 4056 1415 4096 turn.

291 4164 424 4227 barones,
452 4180 504 4217 nee
530 4162 623 4233 aliqui
652 4161 796 4234 religiosi,
829 4181 881 4219 seu
908 4164 1056 4230 mulieres,
1084 4166 1142 4221 nisi
1172 4167 1339 4237 specialiter

293 4264 394 4303 eorum
411 4246 568 4319 praesentia
586 4245 730 4317 exigatur,
759 4246 810 4301 sed
831 4252 966 4303 teneatur
984 4254 1088 4305 turnus
1107 4248 1185 4307 siout
1201 4251 1339 4323 tempori·

292 4330 347 4384 bus
365 4329 615 4401 praedeeessorum
633 4328 745 4383 domini
762 4331 843 4400 ragis
864 4332 959 4387 teucri
980 4334 1139 4389 consuevit.
1178 4334 1218 4391 Et
1240 4335 1267 4391 si
1289 4336 1340 4405 qui

292 4413 323 4469 in
341 4412 500 4468 hundredis
519 4412 646 4468 diversis
665 4412 790 4468 habeant
807 4418 981 4480 tenemento,
1004 4435 1061 4471 non
1078 4418 1204 4473 habeant
1219 4436 1339 4474 necesse

292 4497 330 4552 ad
350 4496 519 4568 hujusmodi
539 4502 661 4553 turnum
677 4496 788 4562 venire,
808 4498 866 4553 nisi
885 4500 917 4553 in
934 4499 1052 4556 ballivis
1076 4501 1127 4556 nbi
1145 4502 1255 4560 fuerint
1272 4522 1339 4559 con-

292 4586 453 4637 versantes.
483 4580 522 4635 Et
538 4584 694 4635 teneantur
711 4582 791 4635 turni
810 4581 971 4637 secundum
984 4583 1109 4639 formam
1126 4602 1240 4657 magnas
1252 4593 1340 4642 cartre

291 4665 383 4738 regis,
406 4671 436 4720 et
461 4664 538 4721 sicut
555 4664 735 4735 temporibus
762 4682 867 4736 regum
890 4665 1032 4721 Johannis
1058 4674 1089 4723 et
1106 4667 1225 4725 Ricardi
1246 4672 1340 4727 teneri

293 4755 514 4805 consueverunt.
553 4748 709 4803 Provisum
732 4754 777 4803 est
795 4749 891 4813 etiarn,
913 4749 990 4819 quod
1011 4751 1114 4805 necin
1134 4752 1341 4825 itinercjusti·
