3609 5800
448 869 513 929 212
603 881 717 931 noran
739 881 812 929 ann
835 881 950 928 ornan
974 878 1181 930 nrsromcar.
1204 879 1353 929 narrans

450 1082 589 1145 reguum
619 1064 769 1125 nostrum
800 1058 983 1146 tangentia,
1015 1080 1088 1144 quae
1110 1058 1150 1123 de
1172 1078 1259 1123 novo
1295 1062 1505 1134 emerserunt,

452 1163 659 1249 adpraesens
680 1162 847 1227 commode
870 1183 979 1227 carere
1002 1182 1070 1225 non
1094 1160 1249 1239 valemus,
1281 1165 1401 1225 vestrae
1424 1158 1501 1223 sub·

455 1263 609 1329 limitetis
630 1263 920 1351 magnificentiam,
945 1262 985 1327 de
1014 1285 1080 1349 qua
1102 1262 1329 1327 vehementem
1360 1260 1502 1347 gerimus

453 1365 617 1442 fiduciam,
640 1371 679 1431 ut
702 1365 868 1443 debemus,
890 1386 983 1452 prece
1006 1387 1072 1451 qua
1094 1386 1266 1452 pessumam
1288 1364 1501 1451 imploramus

454 1473 617 1553 quatenus
640 1466 784 1553 loquelas
818 1488 899 1552 quas
923 1466 1085 1531 Robertus
1117 1467 1221 1531 Filius
1244 1466 1328 1531 Adae
1362 1466 1403 1531 de
1427 1464 1504 1529 Bos-

455 1569 662 1655 tcneswayth
684 1576 719 1636 et
742 1568 937 1657 Radulphus
962 1570 1002 1635 de
1026 1568 1206 1635 Ulvesdale
1229 1573 1367 1634 movent
1389 1574 1503 1633 contra

454 1673 604 1751 eundern,
628 1694 733 1738 coram
760 1671 950 1738 vicecomite
965 1677 1077 1737 vestro
1094 1670 1367 1751 Gumberlandiae,
1382 1691 1502 1757 ponere

454 1775 565 1841 velitis
587 1775 624 1839 in
645 1780 827 1861 respectum
858 1795 961 1860 nsque
995 1774 1030 1838 in
1064 1774 1265 1861 quindenam
1287 1779 1362 1860 post
1384 1772 1504 1838 festum

457 1878 488 1944 S.
527 1876 695 1943 Michaelis
726 1878 876 1963 proximo
907 1877 1066 1953 fiatur-um,
1104 1876 1189 1943 velle
1225 1880 1373 1941 vestrum
1408 1896 1505 1961 snper

455 1981 516 2045 hoc
554 1980 643 2045 dicto
683 1979 868 2045 vicecomiti
910 1985 1021 2045 vestro
1059 2000 1117 2065 per
1154 1983 1282 2045 vestras
1319 1978 1440 2056 literas,
1477 1978 1505 2041 si

456 2082 570 2169 placet,
600 2081 833 2168 significantes,
863 2102 1040 2167 precesque
1070 2087 1201 2147 nostras
1238 2081 1274 2145 in
1312 2081 1373 2147 hac
1409 2086 1503 2166 parte

456 2185 570 2250 taliter
591 2184 815 2260 exaudientes,
838 2188 937 2269 prout
959 2188 1086 2249 vestras
1109 2184 1144 2248 in
1168 2205 1245 2249 caan
1266 2183 1428 2249 consimili
1451 2182 1503 2247 vel

458 2286 577 2370 majori
598 2307 659 2351 nos
680 2284 809 2351 velletis
832 2286 988 2351 exaudire
1012 2308 1087 2351 cum
1109 2286 1237 2351 affectu.

501 2388 597 2453 Teste
619 2388 765 2475 meipso
799 2387 889 2472 apud
912 2387 1135 2474 Tronequayr,
1168 2388 1293 2454 decimo
1316 2387 1370 2452 die
1400 2386 1504 2465 Junii,

456 2512 544 2557 anno
564 2490 659 2576 regni
679 2490 785 2556 nostri
807 2488 933 2556 decimo
954 2491 1062 2555 tertio.

899 2924 1066 2990 DLXXV.

753 3073 829 3138 Tus
851 3091 940 3139 saun
961 3091 1004 3140 no
1027 3091 1096 3140 run
1119 3091 1214 3139 saun

819 3203 916 3270 (Royal
927 3205 1033 3258 Iaetters.
1044 3203 1093 3255 No.
1107 3206 1160 3269 63.)

507 3305 681 3393 Magnifico
703 3308 852 3396 principi,
872 3309 1014 3389 domino,
1035 3333 1073 3376 ac
1092 3310 1179 3397 patri
1198 3305 1507 3396 praecordialissimo,

462 3407 594 3474 domino
629 3407 815 3496 H[enrico],
848 3413 911 3478 Dci
948 3413 1056 3499 gratia
1092 3412 1162 3500 regi
1199 3410 1333 3499 Angliae
1376 3409 1508 3483 illustri,

462 3508 595 3576 domino
634 3511 826 3597 Hyberniae,
863 3520 898 3579 ct
936 3515 1012 3580 duci
1049 3513 1274 3600 Aquitanniae,
1306 3509 1507 3584 Alexander,

463 3612 576 3677 eodem
612 3614 722 3700 gratia
754 3637 814 3681 rex
847 3615 1044 3697 Scottorum,
1077 3616 1225 3697 salutem,
1264 3621 1299 3680 et
1336 3613 1507 3698 utriusque

461 3713 544 3779 vitae
565 3714 756 3781 felicitatem
779 3739 853 3782 cum
875 3718 986 3784 filialis
1008 3717 1193 3784 dilectionis
1216 3716 1394 3782 affectione

295 3833 415 3886 warenn
509 3817 637 3884 Vcstrae
658 3817 862 3884 celsitudinis
882 3820 1094 3887 serenitatem
1127 3841 1222 3908 preca
1250 3841 1316 3907 qua
1337 3837 1509 3904 possumus

294 3893 438 4020 3ξέᾞῆ
463 3919 675 4005 imploramus
712 3921 873 4008 ampliori,
908 3927 1073 4009 quatenus
1107 3921 1284 3988 Ricardum
1315 3921 1357 3988 de
1391 3918 1507 3986 Oastil-

294 4035 436 4085 berrandto
463 4023 610 4109 kayroch
646 4023 808 4089 ballivum
844 4032 994 4092 nostrum
1031 4026 1207 4107 Oumbriae,
1244 4025 1301 4112 qui
1338 4023 1374 4088 in
1412 4044 1508 4088 causa

294 4111 440 4232 {ffiffir
464 4131 578 4190 nostra
599 4126 641 4192 de
663 4125 815 4214 Weteley
846 4133 896 4194 est
925 4129 1114 4208 instructus,
1138 4135 1291 4214 atquem
1315 4125 1508 4191 obcausam

292 4243 385 4284 eoum.
465 4228 656 4315 praedictam
690 4228 733 4294 ad
765 4231 890 4295 curiam
912 4236 1055 4296 vestram
1083 4231 1294 4306 destinamus,
1317 4228 1403 4293 sicut
1425 4249 1510 4294 conr-

464 4328 597 4395 modum
631 4336 781 4396 nostrum
812 4354 851 4398 ac
877 4332 964 4418 juris
994 4335 1099 4398 nostri
1129 4331 1319 4398 hereditarii
1341 4352 1413 4396 care
1436 4328 1509 4393 dili·
1621 4373 1628 4390 .

462 4433 542 4518 gitis
564 4433 790 4515 salvationem,
806 4434 927 4500 habere
950 4435 1133 4523 dignemini
1149 4432 1457 4511 recommendatum,
1474 4438 1509 4497 et

463 4555 537 4598 cum
559 4535 766 4602 commodum
788 4541 939 4602 nostrum
963 4543 1121 4624 tanquam
1143 4535 1321 4625 proprium,
1343 4536 1371 4600 si
1394 4535 1509 4623 placet,

462 4658 537 4701 cum
558 4636 680 4704 favern
701 4639 810 4725 gratia
831 4661 891 4704 nos
913 4641 1064 4727 prosequi
1087 4639 1171 4705 velle
1194 4639 1349 4718 debeatis,
1372 4637 1511 4704 eundem

462 4759 522 4824 pro
543 4739 664 4806 nostris
687 4741 835 4826 precibus
865 4746 901 4806 ct
935 4763 1045 4807 amore
1077 4741 1113 4806 in
1143 4742 1241 4808 dictae
1264 4763 1369 4806 causae
1391 4745 1512 4805 nostrae
