3609 5800
447 891 510 956 198
602 901 716 952 ιιοιιι
739 896 811 951 nso
834 900 949 951 ornes
972 900 1175 952 nrsronrcm
1199 901 1348 950 terrene

280 1097 405 1155 Romano,
448 1080 622 1156 Flendriee,
654 1083 753 1166 prout
784 1098 826 1143 ex
856 1076 1027 1142 literarum
1060 1080 1247 1143 vestrarum
1279 1084 1395 1143 tenore
1425 1098 1499 1143 con-

279 1164 402 1295 RQ
341 1171 386 1213 ⁰¹¹¹
448 1183 599 1270 cepimus,
631 1181 834 1247 excellentiae
848 1183 968 1246 vestrae
990 1180 1104 1244 taliter
1126 1179 1282 1245 duximus
1304 1180 1502 1267 responden-

280 1313 417 1361 umrepar-
448 1288 536 1365 dum,
558 1285 646 1373 quod
661 1285 740 1371 quie
762 1282 925 1350 nescimus
939 1281 1018 1369 quid
1041 1282 1148 1348 dietus
1163 1304 1269 1349 comes
1283 1283 1379 1349 vobis
1394 1283 1499 1361 offert,

276 1364 387 1416 ¹¹⁰⁰¹¹²¹⁸'
448 1390 501 1456 vel
531 1389 593 1454 sub
626 1411 692 1474 quc
717 1385 822 1453 forme
851 1385 978 1450 dictum
1010 1386 1260 1451 matrimonium
1289 1386 1392 1452 vellet
1424 1406 1500 1452 con-

449 1492 544 1571 trahi,
559 1491 701 1556 nullum
725 1486 795 1577 [de]
820 1504 859 1554 eo
881 1491 1007 1554 certum
1030 1487 1109 1553 dere
1133 1509 1304 1576 possumus
1327 1488 1499 1555 consilium

447 1617 505 1661 seu
526 1611 725 1682 responsum.

280 1718 320 1768 Aa
330 1719 410 1769 tone
493 1696 647 1764 Ceterum
677 1694 719 1760 de
748 1694 960 1761 comitatibus
994 1692 1124 1782 Anglire
1154 1694 1249 1760 vobis
1278 1694 1499 1780 significemus

279 1786 437 1918 offam
448 1799 537 1886 quod
555 1799 657 1885 juxta
686 1797 907 1885 provisionem
929 1817 1036 1884 nuper
1064 1797 1195 1874 factem,
1219 1797 1357 1883 prout
1347 1817 1384 1861 ιιι
1413 1817 1501 1862 com·

278 1920 438 1983 ιιιιριωιιι
449 1903 621 1990 positionis
654 1901 762 1966 forme
793 1899 991 1977 continetur,
1030 1899 1119 1986 quod
1153 1897 1294 1985 quilibet
1324 1899 1500 1965 comitatus

281 1987 341 2101 {2¹⁰
353 2001 397 2035 ⁸¹¹
381 1987 416 2036 ¹¹¹¹
450 2006 508 2092 qui
539 2005 671 2071 mittere
702 2009 794 2069 curet
827 2008 862 2068 et
895 2002 1004 2082 vellet,
1039 2003 1083 2068 od
1116 2007 1260 2068 vestrum
1291 2005 1433 2090 pnesent
1434 2003 1499 2067 iem

281 2054 422 2184 inignem
450 2112 591 2224 quatuor
626 2105 748 2172 milites
774 2103 917 2171 debeat¹
950 2155 1157 2171 .......
1187 2107 1227 2170 ut
1256 2103 1313 2170 ets
1344 2123 1429 2170 unus
1459 2125 1500 2169 ex

281 2202 386 2251 Y⁰¹¹’⁸¹¹
353 2188 404 2236 ⁸¹¹¹
395 2210 497 2303 toeis
527 2231 586 2297 per
614 2229 674 2274 vos
704 2209 740 2272 in
773 2207 998 2273 vicecomitem
1032 2206 1133 2294 eliget
1133 2229 1181 2283 ur,
1212 2211 1247 2272 et
1276 2207 1338 2273 hoc
1369 2207 1434 2273 erit
1465 2207 1500 2270 in

280 2261 421 2369 tricastrino
370 2336 425 2370 one
449 2313 592 2378 crastino
615 2311 811 2398 Epiphaniae
837 2309 982 2388 Domini,
1009 2314 1050 2375 ut
1076 2309 1309 2375 intelleximus.

280 2386 427 2517 ξξῖἶωζῃι
494 2415 563 2479 Nos
586 2415 683 2492 enim,
707 2435 753 2499 qu
767 2463 1113 2478 ............
1137 2411 1225 2478 dicto
1248 2411 1302 2478 die
1328 2413 1371 2477 od
1393 2433 1501 2500 recep·

448 2518 574 2582 tionem
618 2515 764 2603 ipsorum
809 2513 897 2579 milit
882 2518 955 2580 tum
999 2515 1158 2580 interesse
1204 2533 1272 2580 non
1317 2535 1499 2602 possumus,

448 2620 610 2705 quendem
640 2618 780 2683 militem
809 2623 960 2684 nostrum
990 2617 1033 2680 ed
1064 2617 1189 2682 dictum
1217 2616 1304 2681 diem
1335 2615 1500 2682 delatore

447 2725 560 2787 nostro
569 2721 773 2786 decrevimus
796 2767 1176 2788 .............
1200 2717 1284 2784 eliis
1307 2718 1365 2804 qui
1376 2717 1500 2784 fuerint

448 2829 624 2911 praesentes
663 2822 764 2910 juxte
812 2822 952 2888 formem
989 2821 1163 2909 provisam,
1203 2825 1238 2887 et
1282 2821 1323 2886 de
1368 2822 1500 2888 consilio

449 2926 599 2993 scaccarii
628 2927 732 2992 vestri
762 2926 970 2992 vicecomites
1001 2925 1137 3012 recipiet
1171 2925 1242 2990 vioe
1271 2930 1392 2991 nostre.
1450 2926 1500 2991 De

449 3030 524 3094 aliis
538 3052 559 3094 a
585 3076 904 3094 ...........
927 3028 1122 3114 tempserint
1144 3032 1263 3095 vestrae
1287 3028 1500 3115 relinquimus

451 3130 665 3217 dispositioni,
706 3136 747 3196 ut
791 3130 831 3195 de
874 3129 940 3195 illis
982 3130 1110 3196 societis
1148 3130 1304 3217 quicquid
1349 3130 1500 3196 videritis

451 3233 644 3299 faciendum

495 3335 621 3401 Datum
654 3336 743 3423 opud
769 3336 1050 3424 Wolingsordiam,
1074 3337 1229 3402 vicesimo
1251 3338 1368 3402 octove
1383 3336 1436 3401 die
1461 3383 1467 3400 .
1493 3388 1499 3401 .

450 3490 703 3505 .........
736 3439 955 3525 [in]dictione,
978 3440 1072 3527 regni
1095 3439 1200 3506 nostri
1223 3462 1309 3505 enno
1332 3440 1455 3525 quinto.

495 3540 666 3607 Indorsed.
705 3541 877 3629 [Domino]
901 3542 971 3630 regi
994 3542 1133 3629 Angliae,
1155 3541 1251 3608 fratri
1266 3548 1380 3609 nostro
1403 3542 1500 3609 curis·

451 3664 540 3709 suno.

486 4000 493 4028 ¹
510 3996 608 4064 dotem]
627 3998 751 4049 Donbtful
758 4000 786 4049 in
797 4000 853 4051 MS.
975 3999 981 4069 Ι
1028 4004 1037 4031 ²
1054 4002 1090 4068 cl]
1109 4001 1233 4053 Doubtful
1245 4003 1272 4053 in
1283 4002 1339 4053 MS.
