3609 5800
448 895 513 957 148
572 893 705 957 ‘norae
728 909 800 958 auo
823 909 939 958 omme
964 909 1170 958 merentem
1194 909 1344 958 uerrere

447 1073 622 1154 affectuose
644 1111 804 1176 rogamus,
827 1091 991 1174 quotenus
1013 1087 1279 1153 benevolentiam
1294 1091 1329 1152 et
1352 1085 1497 1150 favorem

448 1211 529 1277 quos
550 1190 636 1256 eirea
656 1196 807 1257 nostrum
830 1197 865 1257 et
895 1190 1027 1278 praefati
1058 1189 1120 1254 filii
1152 1189 1258 1256 nostri
1292 1189 1498 1254 commodum

449 1297 484 1359 et
526 1293 683 1359 honorem
727 1293 875 1382 gessistis
920 1291 1125 1379 benignitate
1163 1292 1261 1358 solitu
1307 1290 1499 1357 continuare

447 1393 568 1472 velitis,
605 1417 664 1482 pro
698 1416 763 1482 que
797 1396 892 1460 vebis
926 1395 968 1460 ad
1003 1393 1188 1483 gratiarum
1226 1393 1346 1460 merita
1381 1392 1500 1458 fortius

448 1497 676 1584 astringamur.
724 1497 795 1563 Nos
816 1502 930 1563 autem
944 1497 1038 1563 eirea
1067 1497 1326 1583 prosecutionem
1349 1493 1499 1584 praedicti

448 1599 574 1686 negotii
598 1599 807 1689 diligentiam
838 1620 1000 1686 apponere
1033 1597 1237 1686 disponimus
1271 1598 1440 1676 effieaeem,
1471 1596 1498 1660 si

449 1699 598 1767 Romana
627 1701 760 1768 eeclesia
788 1699 938 1768 debitum
972 1700 1015 1766 sd
1045 1701 1108 1767 hoe
1139 1701 1327 1789 impendere
1357 1700 1499 1767 voluerit

449 1803 674 1869 consiliumet
702 1803 873 1890 juvamen,
906 1809 941 1870 et
974 1802 1038 1868 nisi
1073 1825 1130 1890 per
1162 1827 1234 1869 eam
1267 1803 1399 1870 steterit
1420 1823 1498 1888 quo

448 1904 558 1971 minus
589 1927 731 1994 praesens
767 1906 938 1994 negotium
978 1905 1117 1971 feliciter
1148 1905 1363 1993 expediatur;
1400 1910 1499 1992 prout

449 2007 589 2073 dilectus
625 2013 661 2074 et
698 2008 804 2074 tidelis
841 2012 953 2074 noster
991 2007 1138 2093 Reganus
1170 2009 1211 2074 de
1249 2009 1375 2094 Isemyn
1405 2006 1499 2072 vobis

449 2111 572 2198 peterit
593 2111 758 2189 intimare,
780 2132 876 2198 quem
903 2131 1000 2198 super
1030 2109 1091 2176 hoo
1120 2111 1270 2176 habeatis
1301 2131 1498 2176 reeommen-

449 2213 574 2279 datum.

493 2317 599 2395 Teste,
622 2323 692 2393 ete,
715 2317 804 2405 apud
828 2316 1016 2394 Lusarches,
1040 2322 1134 2382 sexte
1158 2317 1283 2382 decimo
1302 2314 1495 2381 disisam

448 2419 499 2497 rii,
524 2439 619 2496 anuo,
642 2424 701 2485 ete.
725 2419 975 2506 quadragesimo
998 2424 1126 2505 quarto.

493 2520 564 2586 Sub
587 2521 701 2587 eadem
723 2521 829 2586 ferma
852 2521 1009 2587 scribitur
1030 2521 1269 2608 archiepiscope
1292 2520 1496 2586 Panonnita-

448 2623 549 2701 neusi,
580 2623 708 2710 Regem
741 2623 854 2689 comiti
886 2623 927 2688 de
961 2623 992 2688 S.
1026 2622 1192 2702 Sevmino,
1227 2624 1355 2710 Rogero
1386 2621 1496 2688 comiti

448 2724 489 2790 de
513 2723 667 2803 Chelone,
690 2736 724 2792 et
747 2725 881 2792 Thomae
905 2725 946 2790 de
970 2723 1081 2792 Ebolo.

872 3129 1053 3197 DXXXII.

519 3266 650 3333 Hmnr
673 3268 739 3336 ΙΙΙ.
762 3286 804 3335 ro
828 3272 939 3337 Heus
962 3288 1005 3335 ιιι
1028 3268 1420 3347 ermemmarus

881 3374 1061 3441 uremur.

621 3512 693 3577 (Bet
704 3513 788 3567 Cleua
800 3514 973 3567 sensnm
984 3530 1009 3581 p.
1021 3519 1044 3576 2,
1056 3515 1147 3566 memb.
1158 3514 1214 3565 tiu
1226 3514 1322 3577 dorso.)

282 3636 341 3687 ιιι.
355 3642 394 3700 ιι,
492 3624 566 3692 Rex
587 3628 752 3716 H[ugoni]
775 3631 806 3697 le
830 3630 957 3719 Bygod,
975 3630 1160 3717 justitiario
1180 3630 1321 3718 Anglise,
1344 3628 1493 3695 salutem.

281 3708 428 3848 οῗοηωη
492 3727 577 3793 Οιιιιι
606 3752 718 3819 nuper,
750 3733 913 3800 celebrata
945 3734 1155 3801 solemnitate
1188 3732 1320 3797 Natalis
1349 3730 1494 3805 Domini,

279 3862 435 3928 asumma
447 3831 723 3920 proposuissemus
745 3856 859 3902 versus
881 3840 991 4003 partes
1013 3835 1145 3923 Angliae
1167 3835 1349 3911 divertisse,
1369 3854 1430 3899 nos
1451 3834 1494 3898 od

279 3928 399 3983 humes
446 3933 640 4001 instantiam
672 3936 798 4003 domini
831 3940 918 4027 ragis
951 3942 986 4005 et
1016 3938 1138 4025 reginae
1161 3935 1308 4003 Freneiae
1338 3937 1494 4002 eoncessi-

280 4003 417 4128 enfilet
446 4058 519 4102 mus
540 4039 629 4123 quod
658 4040 785 4126 nuptiae
808 4040 968 4107 Beatrieis
998 4039 1077 4107 filisa
1110 4044 1230 4105 noetrae
1264 4036 1418 4103 vicesimo
1440 4035 1493 4101 die

279 4126 362 4192 ’ΨΦ
445 4143 520 4225 post
558 4139 679 4207 Natele
724 4140 861 4207 Domini
906 4142 1099 4230 praedietum
1137 4142 1224 4229 apud
1256 4138 1491 4226 Compendium

445 4241 705 4324 eelebmreutur5
734 4244 793 4309 ubi
822 4244 953 4330 praefati
985 4266 1044 4309 rex
1067 4251 1102 4311 et
1132 4243 1246 4330 regina
1276 4242 1493 4329 promiserant

444 4342 608 4410 interesse
654 4344 729 4425 Quo
751 4346 883 4432 quidem
907 4348 960 4413 die
983 4368 1097 4434 eorpus
1130 4344 1341 4433 primogeniti
1363 4342 1492 4429 proefati

445 4446 531 4532 regis
551 4447 641 4534 apud
671 4446 826 4534 Regnlem
849 4448 998 4515 Mentem
1024 4448 1185 4515 traditum
1206 4446 1273 4511 iuit
1303 4444 1491 4531 sepulturae.

447 4546 555 4628 Unde,
593 4550 759 4615 oemsiona
803 4551 920 4616 mortis
958 4551 1111 4637 ejusdem,
1150 4550 1278 4635 nuptiae
1326 4546 1492 4635 praedistae

444 4649 521 4715 filim
541 4656 664 4717 nostrae
686 4658 870 4740 prorogatae
891 4652 1026 4720 suerunt
1054 4652 1216 4738 usquein
1239 4651 1326 4715 diem
1349 4648 1380 4713 S.
1412 4648 1492 4713 Vin-

443 4752 554 4833 eeutii,
577 4767 665 4840 quae·
684 4754 798 4821 eodem
830 4756 883 4822 die
914 4756 1002 4844 epud
1025 4754 1058 4821 S.
1090 4753 1290 4840 Dyonisium
1321 4750 1491 4817 eelebratae
