3609 5800
428 923 678 976 rmus‘rusmvs
702 925 746 975 os
768 925 837 976 Tus
861 924 971 975 suros
993 923 1037 974 or
1060 923 1181 975 usust
1206 923 1255 974 ιιι.
1303 909 1366 973 351

312 1103 449 1168 constet
489 1100 595 1183 Quem
617 1100 748 1187 quidem
773 1098 925 1168 heredem
947 1121 1051 1187 usque
1073 1099 1116 1165 ed
1131 1099 1365 1165 confectionem
1380 1101 1526 1184 uonremy

259 1213 264 1222 '
312 1204 522 1292 presentium
561 1203 655 1268 nulle
691 1202 821 1270 ratione
865 1204 1018 1291 consequi
1055 1208 1252 1291 poteramus,
1290 1169 1518 1290 liceeffiffigess

312 1307 406 1373 vobis
429 1307 468 1374 de
490 1306 630 1395 pecunia
652 1305 688 1372 in
711 1329 778 1393 que
811 1306 946 1373 domino
978 1311 1093 1374 nostro
1115 1313 1150 1373 et
1172 1310 1283 1371 vestro
1307 1327 1366 1393 pro
1378 1305 1519 1423 h'frrssisssffi

312 1411 427 1476 eodem
449 1409 644 1476 tenebamur
666 1409 926 1488 satisfecerimus,
949 1431 1024 1476 cum
1057 1409 1195 1497 pecunia
1217 1432 1285 1475 non
1306 1389 1534 1502 nli-singem?

311 1513 441 1579 nimum
474 1513 711 1601 indigebamus,
759 1513 810 1578 De
844 1535 919 1600 quo,
950 1513 979 1578 si
1013 1513 1130 1600 placet,
1161 1512 1366 1578 thesaurario
1378 1503 1441 1556 '5⁰‘-

312 1615 484 1682 Hiberniae
507 1620 541 1682 et
563 1617 679 1682 ceteris
701 1615 807 1682 locum
831 1615 957 1682 domini
979 1616 1084 1682 nostri
1107 1613 1230 1680 ibidem
1253 1621 1367 1682 tenen-

311 1719 402 1784 tibus
424 1740 524 1807 super
545 1718 597 1783 his
620 1719 838 1785 rescribentes
860 1718 1041 1784 remedium
1065 1739 1229 1806 apponere
1243 1717 1364 1784 velitis.

312 1821 358 1888 Et
379 1822 456 1888 lieet
478 1822 515 1887 in
537 1821 690 1908 pertibus
713 1821 869 1888 Merchiee
892 1821 1049 1888 continuo
1064 1821 1176 1888 labore
1193 1821 1365 1888 constituti

311 1929 463 2012 sumptus
497 1925 659 1990 maximos
697 1925 945 2012 apposuerimus
978 1925 1022 1990 ad
1054 1926 1183 2012 regulos
1221 1925 1366 1991 diversos

310 2033 446 2115 propter
467 2031 564 2093 terrm
587 2025 713 2092 domini
735 2027 963 2108 salvationem,
994 2027 1117 2094 scilieet
1140 2027 1240 2094 Odun
1271 2027 1365 2109 Unel,

310 2151 419 2217 regem
458 2129 499 2194 de
538 2128 725 2216 Kynelsvy‚
750 2130 807 2216 qui
830 2151 864 2196 se
896 2130 1040 2218 appellet
1073 2153 1183 2218 regem
1217 2131 1365 2197 omnium

312 2231 566 2299 Hibernieorum
591 2231 770 2310 Hiberniae,
788 2233 831 2298 M.
849 2233 985 2320 Oreyly,
1009 2233 1125 2299 ducem
1148 2231 1307 2319 Breffny‚¹
1331 2239 1366 2300 et

311 2333 399 2400 Artlr
434 2333 620 2416 Ouoleulin‚
644 2356 754 2423 regem
789 2333 994 2421 Deluennye,
1028 2336 1070 2400 ud
1104 2357 1218 2422 pacem
1240 2335 1365 2401 domini

310 2438 417 2505 nostri
440 2437 572 2504 trahere
595 2442 629 2503 et
652 2441 776 2504 tructos
799 2459 877 2524 pecc
900 2438 1072 2504 confovere
1095 2438 1272 2526 diligenter
1295 2491 1301 2504 .
1326 2493 1332 2504 .
1356 2491 1363 2506 .

309 2537 518 2618 miserimus,⁸
541 2545 653 2605 temen
676 2561 743 2605 non
766 2539 872 2606 solum
898 2541 996 2606 nobis
1018 2542 1075 2606 sed
1098 2542 1200 2606 etium
1223 2540 1363 2607 bomini-

309 2644 371 2708 bus
393 2644 514 2709 nostris
536 2643 673 2710 manerii
699 2643 806 2708 nostri
839 2643 880 2708 de
915 2643 1045 2723 Goulos,
1068 2643 1156 2729 quod
1178 2643 1285 2710 solum
1306 2645 1364 2710 be-

309 2747 424 2812 bemus
446 2747 483 2811 in
505 2751 594 2812 terre
615 2745 704 2834 pecie
726 2767 747 2810 n
772 2745 1003 2832 [qu]ib1mdsm
1026 2745 1067 2811 de
1089 2745 1223 2812 consilio
1238 2747 1364 2812 domini

309 2849 414 2915 nostri
436 2847 476 2914 de
499 2847 648 2936 partibus
672 2847 843 2915 Hiberniae
877 2847 981 2915 nimio
1003 2847 1115 2915 levore
1137 2848 1255 2916 existit
1276 2848 1362 2936 inju-

309 2954 440 3032 riatum,
462 2956 563 3039 prout
596 2972 654 3039 per
687 2972 872 3039 processum
904 2950 1102 3038 eujusdsm³
1135 2951 1215 3018 fecti
1239 3005 1245 3019 .
1269 3004 1276 3019 .
1300 2952 1362 3018 sub

310 3054 417 3143 sigillo
441 3053 567 3119 domini
590 3052 774 3119 Fromundi
796 3054 982 3121 concellarii
997 3054 1145 3121 contenti
1166 3054 1262 3121 vobis
1284 3076 1364 3144 quo-

310 3157 483 3223 dammodo
505 3160 616 3243 potest
637 3156 769 3243 liquere.
816 3156 925 3245 Super
957 3180 1022 3244 quo
1052 3157 1188 3245 quidem
1209 3158 1297 3224 tecto
1319 3159 1364 3225 ed

309 3282 449 3348 praesens
471 3258 697 3326 discretionem
713 3264 867 3340 vestram,
892 3261 935 3325 de
956 3282 1022 3349 que
1043 3261 1138 3348 plene
1160 3262 1363 3339 confidimus,

307 3364 503 3450 requirimus
524 3366 655 3428 ettsnte
677 3366 840 3449 quotenus
872 3362 1006 3429 domino
1033 3364 1219 3450 jmticierio
1241 3365 1361 3431 Hiber·

308 3468 373 3533 nise
396 3470 431 3531 et
453 3466 586 3531 domino
605 3464 794 3532 Fromundo
816 3466 847 3533 le
870 3467 964 3532 Brun
986 3466 1207 3554 [oen]eellerio
1229 3469 1363 3533 demen-

310 3569 389 3636 dere
411 3569 524 3636 velitis
546 3573 587 3633 ut
611 3568 789 3657 Hugonem
813 3569 854 3635 de
879 3569 1004 3636 Gouloe
1026 3592 1124 3656 quem
1147 3622 1339 3638 .......

309 3672 479 3760 contingit,
501 3670 669 3737 hominem
692 3677 848 3751 vestrum,
872 3676 1037 3758 quotenus
1053 3672 1133 3759 juro
1154 3674 1361 3763 permittunt,

307 3796 382 3843 cum
404 3772 514 3861 gretie
536 3778 647 3840 vestre
668 3779 703 3840 et
724 3774 836 3841 favore
858 3780 1068 3863 protegente
1089 3828 1249 3843 ......
1273 3777 1362 3863 quod

303 3877 439 3965 justitia
453 3877 589 3943 vedebit
610 3877 647 3941 in
668 3880 802 3965 negotio
824 3896 884 3944 suo
907 3878 1037 3946 eidem⁴
1059 3880 1281 3961 discernendo,
1297 3880 1361 3945 nisi

307 3980 450 4069 gretiam
465 3978 657 4067 ampliorem
679 3979 807 4047 intuitu
829 3981 935 4048 nostri
965 3982 1071 4049 eidem
1093 3982 1197 4049 fecere
1219 3981 1361 4048 volueri-

307 4086 360 4150 tis.
407 4082 532 4149 Vslete.

344 4308 351 4339 ¹
370 4306 492 4373 Breffny]
511 4304 608 4369 Brcff’,
619 4306 677 4357 MS.
862 4308 923 4360 time
941 4308 968 4359 in
987 4308 1053 4370 MS„
1064 4308 1091 4359 in
1108 4308 1179 4375 place
1194 4310 1224 4361 ol
1243 4310 1283 4362 the
1303 4313 1362 4362 sub·

342 4396 514 4464 ²rru'eerisrue]
545 4396 617 4464 very
640 4398 755 4450 doubtful
785 4400 810 4451 in
862 4388 1229 4450 fflssflvtrvhlchlssomlttrd·

309 4480 358 4530 MS
895 4470 903 4499 ⁴
921 4468 1009 4535 eidem]
1028 4469 1138 4521 Written
1157 4471 1233 4521 twice
1255 4472 1282 4521 in
1304 4472 1362 4523 MS.

343 4518 510 4625 ''cujusdam
541 4556 651 4609 Writteu
680 4572 696 4609 u
717 4560 833 4664 second*
861 4546 938 4677 Astpr
953 4547 1118 4677 disegrsendpi
1141 4547 1224 4599 l'olele
1241 4551 1361 4625 beelmon

830 4672 833 4686 ,
863 4640 1003 4677 untenen
1033 4643 1125 4678 cresc.
