3609 5800
476 847 542 913 318
634 862 748 913 eorm
769 861 843 912 ran
866 863 984 913 ornes
1006 861 1211 914 msroaroau
1234 863 1381 916 urrrms

473 1038 619 1104 Parisius
641 1039 684 1104 ad
707 1039 963 1126 parliamentum
984 1040 1160 1120 invenerit,
1182 1045 1223 1106 ut
1248 1039 1445 1126 praediotum
1467 1045 1527 1120 est,

472 1139 509 1204 in
530 1141 681 1226 partibus
705 1141 862 1219 Franoiae,
878 1143 922 1207 ad
937 1143 1026 1228 quod
1047 1142 1303 1229 parliamentum
1325 1142 1530 1210 habebamur

471 1241 630 1327 placitare
652 1263 761 1308 eoram
782 1263 858 1330 rege
873 1243 1023 1310 Franoiae
1037 1250 1155 1310 eontra
1169 1244 1369 1310 maritimam
1391 1243 1528 1329 Ieyoas·

471 1342 555 1420 triae,
578 1366 652 1430 quae
674 1365 734 1410 nos
759 1345 946 1432 implacitat
972 1368 1070 1433 super
1095 1352 1190 1433 parte
1211 1347 1389 1412 comitatus
1415 1345 1528 1432 Engo-

470 1444 584 1523 lismae,
628 1467 689 1511 nos
733 1448 898 1534 expeditis
936 1453 971 1513 et
1004 1449 1146 1536 expletis
1183 1449 1235 1514 his
1266 1454 1302 1515 et
1343 1448 1418 1514 aliis
1452 1469 1527 1535 quae

470 1547 658 1634 expedituri
681 1571 810 1614 eramus
832 1549 868 1613 in
892 1549 1072 1630 Franciam
1097 1550 1283 1616 cumomni
1312 1550 1527 1616 festinatione

469 1648 506 1712 in
528 1649 679 1715 Pictavia
701 1657 913 1731 revertemur,
937 1657 971 1717 et
993 1673 1052 1717 nos
1075 1653 1111 1716 in
1145 1657 1308 1738 quantum
1342 1652 1526 1740 poterimus

469 1749 699 1818 festinabimus
739 1758 774 1818 et
818 1752 1085 1840 praeparabimus,
1123 1755 1259 1820 venturi
1296 1756 1384 1820 siout
1428 1754 1525 1821 nobis

468 1855 658 1922 mandastis
705 1855 751 1922 Et
774 1856 802 1920 si
825 1855 911 1922 forte
926 1844 1091 1922 adventus
1112 1863 1226 1924 noster
1247 1858 1293 1924 sit
1315 1857 1410 1925 vobis
1425 1857 1524 1924 valde

468 1958 678 2038 necessarius,
701 1957 752 2024 ita
774 1957 860 2046 quod
885 1980 937 2026 res
963 1959 1033 2024 sine
1066 1959 1163 2024 nobis
1189 1981 1255 2024 non
1290 1959 1394 2048 possit
1422 1959 1522 2026 finem

468 2059 579 2123 sortiri
601 2080 802 2145 prosperum,
823 2065 969 2125 vestram
992 2061 1252 2126 dominationem
1273 2082 1427 2148 rogamus
1442 2083 1523 2148 qua·

467 2163 564 2224 tenus
586 2161 682 2225 nobis
704 2162 796 2227 istud
817 2162 889 2227 sine
912 2162 1052 2249 diffugio
1066 2163 1239 2244 intimetis,
1255 2168 1291 2229 et
1313 2185 1374 2229 nos
1387 2164 1522 2230 interim

467 2261 718 2328 aooelerabimus
739 2268 867 2330 motum
889 2269 1040 2330 nostrum
1062 2269 1098 2330 et
1119 2265 1308 2331 adventum
1354 2265 1479 2332 Valete

904 2687 1072 2754 DOLXII.

618 2865 621 2872 ·
657 2837 755 2905 Jomi
778 2853 823 2903 or
845 2837 1033 2903 Bamasur
1054 2851 1097 2903 ro
1121 2834 1251 2902 Hmar
1274 2834 1340 2903 ΙΙΙ.

813 2970 910 3035 (noyn
920 2969 1028 3030 maen,
1038 2968 1087 3019 so.
1100 2970 1172 3033 era.)

509 3082 792 3149 Excellentissimo
840 3082 975 3148 domino
1012 3104 1051 3147 ao
1086 3079 1390 3168 praeeordiulissimo
1427 3080 1517 3167 patri

464 3204 523 3249 suo
546 3184 733 3271 H[enrioo],
757 3184 821 3249 Dei
843 3185 953 3271 gratia
974 3184 1097 3249 illustri
1126 3184 1198 3271 regi
1219 3183 1360 3270 Angliae,
1382 3182 1517 3248 domino

464 3284 656 3371 Hybemiae,
695 3287 772 3351 duci
809 3286 1011 3373 Aquitaniae,
1049 3285 1282 3351 devotissimus
1319 3285 1391 3371 ejus
1427 3284 1517 3349 filius

463 3386 487 3452 J
489 3388 642 3469 ohannes,
663 3388 903 3477 primogenitus
936 3388 1028 3454 duois
1058 3387 1251 3469 Britanniae,
1274 3388 1415 3453 salutem
1441 3408 1517 3451 oum

463 3491 553 3555 omni
575 3491 836 3578 promptitudine
858 3489 990 3555 servitii
1011 3495 1047 3555 et
1068 3490 1209 3555 honoris.

295 3607 449 3676 Iamready
507 3592 559 3657 De
580 3599 692 3659 vestra
721 3615 779 3680 per
802 3592 866 3658 Dei
888 3592 1031 3679 gratiam
1060 3592 1287 3679 prosperitate,
1311 3592 1352 3657 de
1374 3612 1441 3677 qua
1461 3612 1515 3657 me

295 3681 441 3727 ²⁰⁰⁰¹¹¹²l⁰
461 3692 641 3761 literatorie
665 3695 862 3775 certificatis,
885 3694 929 3759 ad
958 3694 1093 3759 modum
1124 3694 1343 3781 congaudens,
1366 3692 1515 3759 sublimi·

294 3744 429 3862 liiiriiffu
460 3794 525 3861 tati
562 3800 682 3863 vestrae
719 3796 865 3884 significo
903 3818 957 3861 me
989 3800 1238 3881 oonsortemque
1270 3817 1379 3861 meam
1410 3795 1514 3860 filiam

460 3903 604 3965 vestram
627 3900 716 3987 apud
739 3900 922 3978 Nannotas,
945 3898 1005 3963 ubi
1026 3900 1070 3964 sd
1092 3920 1234 3986 praesens
1256 3919 1383 3963 moram
1409 3898 1515 3963 tratri·

460 4024 542 4081 mus,
566 4002 683 4067 divina
705 4002 838 4067 favente
862 4001 978 4088 gratia,
1005 4000 1104 4088 plena
1126 4000 1238 4087 vigere
1260 4000 1404 4087 eorporis
1425 4000 1514 4065 sani-

458 4108 538 4183 tate,
572 4104 660 4190 quod
694 4104 735 4169 de
768 4102 863 4168 vobis
894 4102 979 4167 mihi
1012 4123 1139 4189 semper
1172 4101 1322 4167 desidem
1355 4102 1513 4168 nunoiari.

458 4206 577 4271 Sciatis
595 4212 706 4272 autem
729 4225 782 4270 me
798 4226 872 4270 oum
894 4203 1059 4271 militibus
1083 4210 1118 4270 et
1141 4204 1241 4270 armis
1263 4205 1300 4268 in
1323 4224 1512 4269 auooursum
1646 4277 1654 4288 ,

458 4312 606 4375 vestrum
630 4330 688 4394 pro
724 4329 816 4395 posse
850 4329 924 4373 meo
946 4308 1061 4373 venire
1084 4312 1246 4395 paratum,
1270 4308 1512 4393 quotienscum-

458 4432 521 4495 que
544 4431 626 4497 opus
654 4411 756 4475 fuerit
778 4416 813 4475 et
846 4432 867 4474 a
889 4409 984 4475 vobis
1017 4410 1110 4474 fuero
1144 4407 1331 4495 requisitus.
1377 4407 1510 4474 Statrun

480 4750 486 4781 ¹
505 4752 622 4802 Between
636 4750 675 4817 hjs
687 4749 812 4815 marriage
824 4750 874 4799 and
886 4746 926 4797 his
937 4746 1067 4810 reoeiving
1077 4747 1121 4797 the
1132 4745 1188 4797 title
1199 4747 1230 4797 os
1238 4746 1289 4797 eorl
1298 4746 1330 4796 of
1336 4743 1490 4811 Riehmond.
