3609 5800
424 858 491 921 200
581 868 696 921 norun
718 869 790 919 sun
813 870 929 920 ornas
952 868 1157 920 menonem
1181 870 1328 921 annues

469 1032 580 1127 Quare
605 1044 731 1133 regiam
752 1050 898 1111 vestram
932 1046 1131 1133 dignitatem
1163 1046 1334 1113 humiliter
1365 1068 1478 1112 exora

424 1172 506 1226 mue,
544 1154 715 1235 quatenus,
754 1148 853 1213 sicuti
890 1153 1015 1213 terram
1053 1150 1114 1214 filii
1151 1149 1255 1215 vestri
1292 1148 1335 1214 ab
1366 1148 1479 1214 hostili

424 1252 558 1317 incursu
594 1251 745 1337 praedicti
782 1250 924 1316 Walteri
965 1256 999 1317 st
1038 1252 1178 1317 aliorum
1216 1252 1479 1318 adversariorum

423 1357 611 1419 nostrorum
626 1352 799 1418 observare
821 1352 1021 1431 desideretis,
1038 1353 1223 1439 justiciario
1246 1359 1364 1432 vestro,
1387 1352 1479 1419 vide-

424 1457 502 1522 lieet
538 1454 672 1521 domino
706 1455 849 1521 Ricardo
880 1457 921 1521 de
955 1455 1102 1544 Rupella,
1126 1478 1216 1523 nunc
1247 1457 1415 1537 existenti,
1445 1462 1479 1522 et

425 1557 560 1625 consilio
582 1562 693 1623 vestro
723 1557 845 1623 salubri
874 1557 912 1622 in
935 1558 1098 1623 Hibernia
1131 1558 1218 1625 detis
1240 1559 1276 1623 in
1305 1560 1478 1635 mandatis,

426 1666 474 1737 ut,
496 1659 675 1725 secundum
697 1659 816 1746 prioris
838 1658 988 1725 mandati
1010 1661 1158 1740 formam,
1182 1660 1358 1747 praefatum
1389 1661 1478 1726 Wal-

426 1771 535 1829 terum
569 1762 612 1828 ad
648 1761 890 1848 plenitudinem
921 1762 1066 1849 justitiae
1104 1762 1199 1830 nobis
1236 1750 1352 1852 super'
1382 1764 1479 1829 dictis

426 1866 554 1931 damnis
583 1865 679 1930 nobie
701 1869 737 1930 et
770 1864 912 1931 eeclesiae
935 1864 1095 1931 Elfinensi
1130 1866 1231 1932 illatis
1261 1865 1478 1931 exhibendam

427 1968 602 2053 compellat
623 1972 658 2031 et
680 1966 868 2054 distringet.

259 2072 370 2123 Ianua
472 2070 536 2135 Pro
557 2074 647 2135 certo
681 2069 769 2134 enim
799 2069 911 2135 sciatis
935 2072 1023 2157 quod
1047 2092 1217 2157 nunquam
1248 2070 1385 2137 nfideli
1413 2092 1479 2136 ser-

258 2140 399 2256 {ffissl
428 2171 512 2238 vitio
534 2177 646 2237 vestro
682 2192 743 2237 nec
779 2171 841 2236 filii
870 2173 982 2250 vestri,
1012 2194 1072 2261 pro
1103 2174 1215 2260 aliqua
1248 2172 1478 2241 sollicitatione

258 2270 362 2337 fideliry.
427 2275 523 2340 nobis
556 2276 599 2339 ad
622 2273 897 2341 Hiberniensibus
928 2274 1017 2341 facta
1038 2275 1237 2357 recessimus,
1265 2299 1325 2343 nec
1351 2277 1479 2343 recede-

426 2401 508 2443 mus
554 2378 624 2443 Noe
647 2378 734 2443 enim
757 2384 792 2443 et
814 2383 945 2443 nostros
971 2383 1006 2443 et
1030 2378 1140 2443 omnia
1161 2386 1274 2445 nostra
1304 2379 1392 2445 bona
1417 2380 1478 2445 sub

426 2480 629 2568 protectione
665 2483 780 2544 vestra
820 2483 856 2544 et
898 2479 1026 2545 domini
1064 2478 1221 2545 Edwardi
1266 2481 1478 2568 primogeniti

425 2583 527 2649 vestri
551 2582 765 2670 supponimus
777 2606 785 2662 ;
809 2582 864 2647 cui
885 2582 997 2647 omnia
1023 2582 1110 2648 bona
1136 2588 1252 2649 nostra
1279 2588 1315 2649 et
1339 2585 1426 2670 jura,
1450 2584 1479 2649 si

426 2710 491 2771 qua
516 2686 613 2751 nobis
639 2706 737 2772 super
757 2690 832 2750 tota
857 2690 947 2750 terra
971 2685 1130 2751 Conectia
1153 2692 1353 2773 competunt,
1377 2708 1478 2771 usque

426 2789 469 2853 ad
491 2789 672 2853 adventum
694 2810 791 2852 suum
813 2787 856 2851 ad
880 2792 991 2872 partes
1018 2787 1188 2853 Hiberniae
1211 2789 1422 2853 observamus
1445 2794 1479 2853 et

426 2890 678 2957 observabimus.
715 2888 834 2954 Valeat
855 2887 946 2976 regia
961 2896 1072 2956 vestra
1094 2890 1249 2975 majestas
1272 2891 1307 2957 in
1324 2890 1476 2957 Domino.
1608 2969 1614 2982 .

871 3308 1026 3376 DLXVI.

510 3449 633 3529 Purra,
658 3449 790 3515 Bienor
812 3468 856 3515 or
881 3451 1087 3529 Husnrosn
1112 3470 1155 3518 ro
1179 3453 1311 3518 Hnuer
1334 3452 1400 3518 III.

770 3589 866 3655 (noyn
878 3589 983 3651 Inuera,
995 3591 1044 3642 uo.
1058 3593 1128 3656 oso.)

470 3699 754 3766 Excellentissimo
785 3700 919 3767 domino
942 3724 1001 3768 suo
1032 3708 1066 3768 et
1097 3704 1297 3770 benefactori
1321 3704 1475 3782 Henrieo,

426 3803 490 3868 Dei
515 3802 625 3890 gratia
647 3803 717 3891 regi
742 3803 880 3891 Anglise,
906 3805 1039 3871 dominc
1065 3805 1259 3891 Hyberniae‚
1279 3806 1354 3872 duci
1372 3795 1476 3893 Aqui-

425 3907 536 3984 tanim,
558 3906 671 3972 comiti
690 3907 904 3994 Andegaviae,
920 3909 1081 3994 P[etrus]‚
1097 3908 1244 3994 ejusdem
1266 3910 1477 3976 miseratione

425 4009 675 4075 Herefordensis
705 4011 847 4077 eeclesiae
876 4011 1028 4078 minister
1058 4012 1201 4090 humilis,
1232 4034 1267 4077 se
1296 4012 1404 4100 ipsum
1435 4015 1477 4080 ad

309 4184 314 4192 ,
424 4117 540 4178 votum
563 4134 638 4177 cum
661 4112 775 4179 debito
797 4113 970 4180 famulatu.

258 4219 283 4268 1t
295 4218 379 4266 would
468 4214 524 4279 Ad
545 4219 693 4280 vestrum
724 4215 888 4281 credimus
919 4215 1075 4282 honorem
1099 4218 1213 4283 cedere
1236 4223 1271 4282 et
1292 4218 1478 4306 profectum

257 4285 453 4400 ffigflffffisi
483 4316 536 4381 vir
561 4316 701 4382 illustris
723 4317 877 4384 dominus
899 4341 1006 4385 comes
1030 4319 1207 4386 Sabaudiae
1231 4319 1381 4386 districta
1404 4344 1477 4407 pas-

257 4416 332 4479 profit
342 4418 397 4466 Μ
424 4417 516 4504 segia
548 4440 617 4484 suec
649 4424 747 4486 terrae
777 4443 798 4486 a
837 4422 931 4486 vobis
963 4424 999 4487 in
1033 4421 1224 4509 homagium
1259 4429 1294 4488 et
1328 4424 1476 4488 studium

258 4483 389 4614 ppesppppt
425 4519 569 4606 recipiat,
586 4521 700 4588 volens
720 4522 797 4587 inde
824 4545 883 4610 pro
908 4523 1004 4590 vobis
1030 4531 1064 4590 et
1089 4525 1208 4590 vestris
1233 4525 1338 4591 facere
1363 4531 1477 4591 contra

1314 4689 1361 4694 .-
1373 4689 1429 4695 ..ι-η.

624 4761 632 4791 ¹
651 4761 698 4812 See
709 4762 791 4813 L’Art
802 4763 955 4816 &viritior
967 4765 1003 4816 les
1016 4765 1101 4826 Dulce,
1115 4765 1177 4815 xvii.
1190 4781 1213 4830 p.
1228 4769 1282 4816 168.
