3609 5800
222 1538 344 1587 Beweten

221 1605 344 1667 Aupffl,

224 1676 322 1726 12528
325 1668 358 1717 nd

222 1735 323 1785 Miaecb
324 1734 344 1781 1-

389 895 453 956 100
533 904 648 955 norm
674 902 747 953 Anu
772 902 887 951 ornus
915 902 1118 954 mercemur.
1144 903 1292 953 sumens

778 1129 1059 1197 OOOCXOVIII.

516 1262 548 1328 J.
572 1278 619 1327 uu
642 1264 768 1329 Grsons
791 1279 834 1327 ro
857 1262 1024 1327 Wuumu
1047 1278 1092 1327 or
1116 1261 1320 1341 unumne,

792 1363 1038 1431 Ouerourion.

733 1486 948 1553 (mysiam,
959 1486 1008 1538 ro.
986 1489 1093 1554 0000)

435 1600 516 1664 Viro
551 1598 734 1665 venerabili
768 1604 803 1665 et
838 1599 990 1677 discreto,
1013 1598 1146 1663 domiuo
1176 1619 1236 1663 suo
1267 1604 1301 1663 et
1338 1597 1443 1662 amico

389 1702 566 1779 carissimo,
589 1700 724 1766 domino
747 1700 943 1787 W[illelmo]
967 1699 1008 1765 de
1039 1700 1221 1786 Kilkenny,
1252 1699 1443 1765 cancellario

223 1799 367 1850 ¹⁰²⁸¹2⁵³⁴
390 1804 516 1869 domiui
553 1804 647 1889 regis,
686 1824 763 1868 suus
802 1803 833 1868 J.
869 1802 911 1867 de
949 1801 1096 1867 Gisoreio
1134 1802 1217 1867 civis
1255 1801 1443 1876 Londoniae,

224 1944 338 2009 Pmylct

222 2010 339 2062 ωο1ιιωο

224 2078 328 2193 litte

223 2218 338 2273 trerasuy

224 2276 318 2457 1οΞὴῖ

225 2472 372 2538 bougbtors

225 2540 351 2603 theikrng

390 1906 530 1971 salutem
553 1910 587 1969 et
609 1910 759 1991 paratam
781 1903 824 1969 ad
847 1902 1004 1989 obsequia
1026 1903 1242 1969 voluntatem.

434 2006 577 2072 Noverit
599 2006 755 2073 diseretio
778 2010 888 2071 vestra
913 2028 966 2071 me
1001 2006 1123 2093 cepisse
1153 2027 1212 2092 per
1245 2011 1443 2092 praeeeptum

329 2092 516 2174 domiui
538 2109 623 2194 mgis
646 2108 689 2173 ad
710 2106 831 2173 festum
854 2106 885 2173 S
910 2107 1068 2172 Edwardi
1090 2107 1241 2194 proximo
1262 2106 1445 2195 praeteriti²

391 2215 444 2276 tot
466 2210 554 2275 dolia
577 2209 649 2275 vini
670 2208 873 2296 subscriptu3
904 2209 1029 2275 seilicet
1051 2209 1092 2274 de
1107 2209 1248 2295 quodam
1266 2209 1445 2274 Gasoonico

391 2312 525 2377 nomine
555 2310 705 2377 Pelerino
736 2310 847 2376 decem
885 2310 984 2390 dolia,
1014 2309 1186 2395 quodlibet
1223 2311 1348 2376 dolium
1385 2332 1445 2396 pro

359 2415 534 2531 rtriginta
556 2418 591 2478 et
614 2412 743 2501 duobus
766 2412 886 2477 solidis.
949 2412 1036 2477 Item
1068 2411 1109 2477 de
1140 2413 1239 2477 Petro
1269 2412 1310 2477 de
1333 2411 1446 2497 Boucg

392 2517 538 2603 quinque
570 2515 666 2592 doliu,
697 2496 870 2602 quodlibet
903 2514 1028 2579 dolium
1062 2535 1122 2601 pro
1153 2515 1293 2601 triginta
1322 2514 1446 2579 solidis,

394 2617 480 2683 Item
512 2614 553 2683 de
588 2616 686 2682 Petro
719 2616 760 2682 de
793 2615 878 2703 Perg
913 2615 1025 2681 decem
1055 2615 1151 2693 dolia,
1186 2616 1357 2701 quodlibet
1387 2637 1446 2701 prr

392 2720 521 2785 duabus
543 2719 663 2783 mareis
685 2722 721 2783 et
744 2716 891 2783 dimidie.
939 2716 1027 2781 Item
1042 2715 1084 2782 de
1099 2717 1269 2783 Bernardo
1284 2716 1324 2782 de
1340 2717 1446 2781 Puteo

391 2820 534 2886 sedecim
557 2820 655 2897 dolia,
677 2818 847 2906 quodlibet
867 2839 928 2905 pro
950 2818 1093 2906 triginta
1122 2818 1242 2885 solidis.
1288 2814 1386 2884 Item
1406 2819 1447 2883 de

393 2923 520 2988 familia
542 2921 707 2988 Bertrami
736 2919 779 2985 de
808 2920 939 2986 Pelacio
969 2920 1127 2986 tredecim
1158 2921 1254 2999 dolia,
1276 2921 1447 3007 quodlibet

393 3046 453 3112 pro
487 3023 616 3089 duobus
648 3022 766 3088 mercis
798 3027 832 3088 et
865 3023 1013 3089 dimidia.
1075 3023 1162 3088 Item
1200 3024 1242 3089 de
1274 3023 1372 3100 Petro
1405 3024 1447 3087 de

395 3126 530 3192 Cermez
554 3129 680 3211 sepiem
703 3122 800 3201 dolia,
823 3124 995 3210 quodlibet
1017 3147 1077 3210 pro
1107 3124 1237 3189 duabus
1265 3125 1384 3190 merois
1413 3132 1448 3189 et

392 3227 540 3293 dimidie.
573 3227 661 3292 Item
678 3225 719 3291 de
732 3226 878 3292 Ernaldo
894 3227 936 3292 de
951 3226 1076 3312 Gaylao
1092 3248 1152 3292 sex
1164 3227 1262 3306 dolia,
1274 3226 1447 3312 quodlibet

394 3353 453 3416 pro
487 3329 627 3416 triginta
648 3328 770 3394 solidis.
815 3327 953 3393 Summa
975 3327 1138 3394 doliorum
1160 3349 1218 3414 per
1244 3333 1353 3394 totum
1374 3334 1448 3394 octo

394 3436 429 3497 et
451 3431 625 3518 sexaginta
647 3430 756 3496 dolia:
788 3451 917 3494 summa
938 3430 1025 3495 cueti
1047 3434 1181 3496 centum
1203 3435 1238 3495 et
1253 3435 1326 3497 octo
1348 3431 1449 3496 libras

336 3544 339 3552 '
394 3539 429 3598 et
451 3539 518 3600 tres
552 3531 673 3598 solidos
696 3537 838 3618 quatuor
860 3531 1039 3612 denarios;
1070 3538 1104 3599 et
1137 3537 1263 3619 septem
1297 3532 1449 3598 denarios

394 3635 437 3700 ad
460 3635 576 3700 Deum.
623 3633 713 3698 Hine
736 3634 896 3719 estquod
920 3639 1066 3699 vestram
1089 3655 1204 3720 precor
1218 3633 1450 3701 discretionem

396 3742 561 3823 quatenus
598 3735 774 3802 liberatum
813 3735 853 3800 de
890 3735 980 3800 vinis
1010 3734 1084 3801 istie
1115 3734 1285 3802 erectum⁸
1315 3737 1449 3803 domiuo

396 3838 549 3926 Philippo
589 3837 712 3914 Lovell‚
750 3835 954 3902 thesaurario
988 3837 1116 3903 domini
1147 3839 1244 3924 regis,
1278 3839 1362 3903 mihi
1391 3861 1450 3927 per

394 3940 534 4008 latorem
556 3939 768 4027 praesentium
791 3939 1017 4005 transmittere
1038 3938 1158 4020 velitis,
1181 3943 1222 4005 ut
1243 3941 1303 4005 illa
1323 3962 1451 4006 summa

396 4042 544 4130 pecunire
583 4041 705 4106 eisdem
739 4040 975 4106 mercatoribus
1007 4045 1153 4130 pacetur,
1187 4041 1266 4127 quia
1297 4041 1450 4107 dominus

396 4143 619 4210 thesaurarius
656 4141 780 4228 aliquid
817 4142 896 4207 indo
938 4141 1044 4209 faeere
1081 4165 1149 4209 non
1185 4143 1349 4231 proponit,
1385 4145 1449 4209 nisi

396 4246 572 4312 liberatum
594 4245 673 4309 inde
695 4243 866 4330 possideat
914 4245 1012 4310 Etsi
1034 4244 1116 4332 quid
1138 4266 1217 4332 erga
1245 4267 1299 4312 me
1328 4246 1448 4324 velitis,

397 4349 424 4413 si
447 4348 555 4435 placet
572 4345 726 4432 jubeatis,
751 4345 839 4432 quod
862 4345 1038 4432 diligenter
1060 4347 1269 4434 perducerem
1292 4349 1336 4414 ud
1357 4350 1451 4414 effee-

398 4456 478 4515 tum.
524 4447 641 4513 Velete
664 4447 700 4510 in
723 4446 873 4512 Domino.

434 4637 567 4696 'Thatiq
577 4637 688 4686 betvecu
699 4635 729 4685 P.
741 4633 841 4684 Lorel'e
857 4649 900 4698 ap·
983 4636 1114 4688 ’stus

400 4716 541 4780 pointmeut
550 4715 614 4766 robe
625 4722 756 4776 neasurer,
763 4715 812 4765 and
820 4713 863 4766 W.
872 4715 904 4766 oi

400 4795 552 4858 Killrenny’s
564 4794 668 4846 electiori
678 4803 703 4845 to
714 4796 744 4845 be
752 4797 794 4858 bp.
802 4794 833 4844 oi
840 4793 896 4859 Ely.
981 4797 991 4826 ⁸
1007 4795 1122 4862 erectum]
1142 4795 1177 4847 So
1188 4797 1244 4848 MS.
