3609 5800
463 845 528 911 300
619 856 827 910 cermeria
849 856 967 908 ernas
988 855 1195 908 Hieronicae
1217 858 1363 910 amsans

296 1028 430 1109 'forging
463 1033 654 1100 discretioni
684 1038 754 1100 tuae
789 1054 855 1119 qua
886 1032 1057 1120 fimgimur
1087 1031 1287 1099 auctoritate
1315 1034 1512 1100 mandamus

298 1097 432 1215 iffi&
463 1141 633 1223 quatenus,
648 1135 800 1223 partibus
822 1135 1020 1214 convocatis,
1041 1135 1157 1201 audies
1179 1157 1320 1214 causam
1343 1141 1379 1202 et
1404 1136 1512 1203 usuris

297 1231 403 1295 ‘rrytbe
462 1238 665 1304 cessantibus
691 1237 805 1304 debito
827 1237 893 1303 fine
915 1237 1052 1316 decidas,
1076 1238 1198 1304 faciens
1220 1238 1310 1325 quod
1331 1238 1512 1305 decreveris
1619 1235 1625 1244 ’

298 1313 361 1349 ⁰⁸⁸⁰*
463 1361 522 1428 per
544 1361 714 1406 censuram
737 1339 985 1406 eeclesiasticam
1015 1339 1157 1406 firmiter
1181 1340 1356 1406 observari
1401 1341 1514 1407 Testes

463 1448 577 1510 autem
615 1442 672 1528 qui
709 1441 835 1509 fuerint
870 1441 1043 1519 nominati,
1072 1442 1102 1506 si
1130 1463 1166 1532 se
1194 1442 1311 1531 gratia,
1342 1443 1426 1522 odic,
1458 1443 1514 1510 vel

464 1545 582 1612 timore
604 1544 840 1624 subtraxerint,
865 1565 1002 1610 censura
1030 1543 1133 1609 simili
1161 1564 1258 1632 cogas
1288 1545 1425 1612 veritati
1445 1551 1513 1612 tes·

464 1647 641 1714 timonium
665 1646 845 1734 perhibere.

508 1751 635 1817 Datum
658 1749 845 1828 Londoniae,
861 1749 968 1836 pridie
988 1747 1146 1814 kalendas
1162 1749 1286 1831 Martii,
1302 1751 1514 1839 pontificatus

465 1855 591 1923 demini
615 1853 796 1922 Clementis
817 1875 913 1940 papae
936 1851 994 1918 lv.
1015 1873 1103 1918 anno
1126 1853 1276 1920 secundo.

619 1999 706 2069 ll'c'td
729 2023 752 2068 a
773 1999 872 2068 ecurt
896 1999 936 2086 os
960 1998 1012 2068 tlte
1034 1999 1104 2068 eccl
1129 2022 1175 2067 oe
1196 1999 1250 2070 tlte
1271 2001 1356 2068 baele.

845 2289 879 2294 -..
890 2289 933 2295 ..-
940 2287 1193 2296 ---.-.-<...-..-

896 2484 1079 2552 DCXLIX

612 2648 743 2714 Hausr
768 2645 831 2713 ΙΙΙ.
855 2661 899 2711 ro
922 2661 992 2710 rna
1015 2644 1169 2710 Summe
1191 2661 1235 2709 cr
1257 2643 1370 2711 Your.

672 2793 743 2856 (Ros
755 2791 839 2844 Clam.
852 2797 884 2842 bo
896 2791 961 2843 Her.
975 2790 1034 2853 ΙΙΙ»,
1044 2792 1137 2842 memb.
1148 2795 1165 2841 s
1175 2791 1204 2841 in
1212 2791 1308 2856 dorse.)

297 2920 388 2971 Mareu
402 2927 441 2984 1⁵,
510 2910 583 2976 Rex
606 2906 791 2974 vicecomiti
814 2905 1022 2986 Eboraeensi,
1044 2904 1193 2973 salutem.

299 2992 371 3040 ¹²⁶⁶·
511 3012 595 3079 Cum
639 3008 765 3075 inimici
802 3013 837 3073 et
873 3008 1008 3075 rebelles
1053 3010 1167 3088 nostri,
1205 3010 1263 3095 qui
1307 3014 1420 3077 centra
1456 3034 1516 3077 nos

297 3078 420 3196 pffingpp
465 3114 640 3180 manifeste
662 3133 696 3177 se
729 3116 847 3177 tenent
878 3110 915 3175 in
937 3116 1045 3176 castro
1067 3111 1108 3176 de
1130 3110 1359 3194 Kenilleuich,
1380 3113 1425 3179 ad
1446 3135 1517 3200 reg-

296 3212 455 3330 ffilffi
466 3237 545 3282 num
579 3220 730 3281 nostrum
753 3212 1024 3301 perturbandum,
1039 3213 1224 3292 homicidia,
1246 3214 1516 3301 depredationes,

295 3348 438 3396 aucorem
466 3318 626 3395 incendia,
649 3322 683 3383 et
705 3314 771 3381 alia
791 3315 915 3380 damna
936 3315 1083 3382 enormia
1103 3317 1332 3403 perpetrando,
1354 3317 1391 3382 in
1412 3317 1517 3383 nostri

296 3426 423 3543 {mid
467 3420 608 3488 dedecus
629 3424 664 3485 et
694 3418 785 3506 regni
816 3418 923 3484 nestri
956 3418 1113 3483 damnmn
1145 3420 1385 3505 gravissimum,
1408 3425 1444 3487 ct
1473 3422 1518 3486 ad

297 3545 414 3595 censuim
468 3523 599 3610 majoris
622 3520 843 3588 damnationis
858 3542 927 3585 euee
948 3519 1115 3585 cumulum
1139 3521 1302 3607 quendam
1325 3523 1367 3589 de
1388 3524 1517 3589 nuntiis

296 3612 440 3729 {rffiss'u'
467 3626 589 3692 nostris
610 3646 717 3711 nuper
748 3644 807 3711 per
828 3628 939 3710 partes
959 3620 1034 3687 illas
1057 3626 1283 3689 transeuntem
1305 3625 1459 3712 ceperint,
1481 3632 1516 3692 et

197 3788 201 3797 ,
297 3744 422 3795 hmdeut
466 3729 497 3795 ei
529 3748 663 3794 manum
695 3726 933 3803 truncaverint,
966 3745 1005 3791 ac
1041 3724 1149 3812 ipsum
1180 3726 1227 3791 sie
1259 3730 1450 3793 tnmcatum
1480 3734 1516 3794 et

223 4118 226 4125 .
295 4078 424 4139 resemble,

296 3810 338 3862 off.
368 3811 444 3929 ⁸⁰2¹·
465 3830 609 3919 turpiter
629 3828 829 3905 mutilatum,
851 3827 894 3892 ad
917 3826 1073 3912 majorem
1095 3828 1201 3893 nostri
1221 3834 1456 3919 contemptum,
1472 3830 1515 3897 ad

297 3892 358 3927 mon
370 3893 403 3927 ou

297 3943 409 4011 military
464 3939 611 3999 nestram
651 3929 860 4018 presentiam
897 3928 1160 3997 transmiserint:
1206 3953 1267 3997 nos
1303 3937 1374 3998 tam
1409 3932 1515 4000 atroci

297 4018 433 4062 ¹²¹¹⁸¹¹t⁸t⁰
464 4035 587 4122 injuria
630 4039 665 4099 et
710 4036 808 4097 tanta
844 4032 1053 4111 contumelia,
1090 4033 1211 4119 quibus
1254 4035 1319 4121 ipsi
1363 4036 1516 4122 majesta-

297 4142 532 4204 vithhorsestem
580 4141 728 4203 nostram
774 4134 887 4200 taliter
933 4134 1098 4201 offendere
1146 4138 1425 4226 presumpserint,
1470 4138 1515 4203 ad

296 4211 441 4329 fflffl
464 4239 647 4306 vindictam
670 4238 746 4303 inde
767 4235 951 4302 faciendam
973 4258 1040 4302 non
1063 4238 1227 4304 immerito
1251 4240 1430 4327 provocati,
1450 4240 1514 4306 tibi

464 4340 673 4429 praecipimus
696 4338 784 4426 quod
816 4338 852 4403 in
873 4338 973 4424 pleno
1003 4339 1165 4406 comitatu
1187 4346 1255 4419 tuo,
1277 4345 1313 4406 et
1334 4340 1435 4407 etiam
1457 4364 1516 4429 per

465 4465 577 4510 omnes
598 4441 695 4507 villas
729 4440 941 4506 mercatelias
975 4440 1121 4527 ejusdem
1152 4443 1336 4521 comitatus,
1358 4444 1514 4531 injuriam

464 4544 556 4611 illam
579 4543 675 4611 nobis
705 4542 916 4631 impudenter
948 4542 1079 4609 illatam
1112 4543 1184 4610 sine
1215 4544 1376 4612 dilatione
1408 4546 1516 4634 publi-

466 4648 540 4727 cari,
578 4651 622 4727 et,
661 4646 746 4712 sicut
777 4644 865 4711 alias
902 4644 967 4711 tibi
1005 4644 1226 4733 praecepimus,
1262 4646 1299 4711 in
1346 4648 1514 4735 praedictis

466 4750 625 4816 comitatu
663 4753 697 4815 et
734 4747 823 4813 villis
860 4748 991 4835 publice
1027 4747 1160 4814 clamari
1196 4748 1297 4816 facias
1334 4772 1376 4816 ex
1421 4757 1516 4838 parte
