3609 5800
423 909 488 975 132
539 967 544 978 .
571 922 686 976 sorau
708 921 782 974 sun
804 921 920 972 ornan
944 921 1150 973 rusrcnrouu
1173 923 1323 974 aurnuns
1358 975 1360 979 ,

421 1097 613 1164 couenables
636 1096 774 1184 despens
795 1095 846 1160 kil
869 1117 951 1161 cura
980 1096 1028 1163 fet
1057 1119 1122 1185 pur
1147 1118 1183 1162 sa
1213 1096 1325 1164 baillie
1349 1096 1477 1184 garder,

421 1206 456 1266 et
478 1223 541 1286 pur
562 1199 588 1263 li
612 1203 646 1264 et
668 1221 732 1286 pur
754 1198 784 1264 le
803 1199 875 1264 luer
897 1199 1010 1265 deses
1032 1201 1168 1266 serianz.
1216 1199 1262 1265 Et
1284 1221 1347 1287 pur
1362 1221 1397 1265 ce
1420 1200 1474 1263 lur

421 1306 550 1369 donuns
580 1303 611 1368 le
642 1309 762 1380 nostre,
784 1301 827 1368 ke
859 1310 922 1370 nus
945 1324 987 1367 ne
1009 1302 1124 1368 volons
1154 1301 1204 1368 kil
1234 1309 1311 1368 cent
1333 1303 1474 1372 achesun

420 1406 462 1471 dc
484 1428 544 1471 ren
566 1406 706 1492 prendre
728 1405 860 1486 deutri,
884 1410 919 1472 et
948 1427 1011 1472 nus
1033 1405 1150 1471 volcns
1180 1405 1224 1470 ke
1254 1404 1314 1470 nul
1346 1405 1387 1472 dc
1410 1427 1473 1470 noz

418 1508 531 1574 baillia
565 1508 608 1573 ke
642 1529 705 1572 nus
735 1512 881 1574 mettons
911 1529 952 1574 en
982 1512 1095 1574 nostre
1125 1513 1221 1582 terre,
1252 1528 1293 1572 ne
1323 1507 1474 1573 viscunte

418 1615 546 1687 uentre,
561 1632 605 1676 ne
626 1611 802 1696 domuerge
825 1633 868 1676 on
890 1632 928 1676 sa
949 1609 1062 1676 baillie
1085 1610 1159 1697 plus
1183 1611 1270 1676 dunc
1292 1631 1380 1676 anes.
1428 1610 1474 1675 Et

419 1736 483 1800 pur
515 1735 551 1779 oe
585 1735 648 1778 vus
678 1713 788 1779 fesuns
810 1735 831 1778 a
853 1734 949 1780 saver
976 1713 1019 1778 kc
1049 1712 1077 1779 si
1108 1712 1242 1778 dureces
1272 1735 1295 1777 v
1317 1717 1389 1778 torz
1411 1735 1474 1778 vus

420 1821 514 1882 seent
536 1814 585 1881 fet
606 1837 668 1903 par
696 1815 744 1882 les
773 1821 879 1880 auant
910 1815 962 1880 dit
992 1813 1115 1894 baillia,
1139 1814 1183 1880 ke
1214 1836 1278 1880 vus
1309 1815 1414 1880 meins
1443 1815 1474 1879 lc

421 1918 518 1984 dotez
541 1923 576 1984 et
599 1918 674 2005 plus
696 1923 883 1984 seurement
906 1918 957 1984 lor
979 1922 1051 1982 tora
1073 1921 1225 1982 mustrez.

465 2020 619 2087 Tesmoin
641 2022 706 2086 mei
730 2021 865 2086 meimes
887 2044 909 2084 a
932 2020 1173 2096 Westmcstier‚
1201 2019 1231 2084 le
1256 2019 1398 2084 vintime
1417 2019 1474 2104 jur

420 2125 461 2188 de
485 2123 634 2198 Octobre,
660 2123 716 2187 lan
739 2124 779 2188 de
803 2127 915 2187 nostre
938 2144 1037 2208 regne
1060 2127 1220 2206 quarente
1243 2121 1370 2186 secund.

737 2371 768 2379 ,-
776 2371 796 2376 ψ
803 2370 905 2378 νω--ι
912 2371 971 2378 ---
982 2371 1096 2380 ,μυ-...ὴ
1108 2371 1159 2380 ...—

886 2565 994 2632 DXX.

474 2707 603 2774 Huuav
628 2705 694 2772 ΙΙΙ.
717 2723 761 2770 rc
785 2705 958 2781 chnsnn,
985 2703 1081 2768 Kuvo
1104 2719 1148 2768 or
1170 2719 1239 2766 rus
1263 2702 1416 2767 Rouana

617 2841 688 2905 (Rct.
701 2839 785 2891 Clans.
797 2845 830 2890 43
842 2840 909 2890 Ilcn.
921 2839 978 2901 111,
990 2840 1081 2890 memb.
1097 2844 1126 2889 15
1139 2838 1166 2888 in
1177 2838 1272 2903 dorso.)

247 2972 351 3036 Noas,
463 2960 538 3025 Rex
560 2960 691 3046 Anglioe
713 2960 784 3045 regi
807 2958 1022 3035 Alemanniae,
1045 2958 1142 3023 fratri
1164 2980 1232 3037 suc,
1257 2957 1404 3023 salutem.

250 3046 322 3091 ¹²⁵⁸·
463 3056 636 3127 Credimus
657 3065 804 3126 vestram
826 3061 1038 3149 prudentiam
1069 3060 1149 3127 satis
1180 3060 1361 3126 advertisse
1392 3082 1473 3145 quo-

248 3131 373 3249 ffi‘ffi
417 3166 514 3229 modo
537 3186 675 3251 regnum
697 3170 850 3229 nostrum
872 3186 932 3251 per
954 3164 1063 3229 varias
1086 3163 1270 3230 multorum
1291 3168 1471 3249 transgres-

246 3264 362 3381 ffihe
417 3267 525 3333 aiones
557 3272 592 3335 et
623 3266 816 3332 insolentias
843 3265 915 3352 jam
949 3266 1007 3331 diu
1041 3270 1092 3331 est
1115 3266 1279 3331 declinare
1303 3265 1414 3351 coepit,
1437 3270 1472 3329 et

246 3346 381 3460 quffif
417 3371 580 3457 quomodo
602 3390 661 3455 per
693 3390 889 3456 guerrarum
924 3368 1116 3433 discrimina
1147 3372 1181 3433 et
1207 3367 1289 3432 alias
1312 3368 1473 3453 importu-

245 3466 542 3580 ffllwnitates
573 3471 732 3558 plurimas
769 3470 955 3559 praepediti,
977 3471 1161 3536 remedium
1196 3469 1290 3535 velut
1325 3469 1472 3556 oportuit

325 3548 344 3585 ε’
415 3574 492 3639 huic
525 3574 714 3639 necessitati
747 3594 911 3661 apponere
946 3573 1183 3659 nequieramus.
1237 3572 1361 3637 Verum
1395 3571 1471 3656 quia

414 3681 520 3742 tantae
551 3676 741 3743 necessitati
774 3675 955 3741 necessario
993 3674 1149 3741 convenit
1179 3674 1365 3753 subvenire,
1398 3694 1472 3759 pro·

413 3779 559 3844 vidimus
580 3784 621 3843 ut
643 3778 686 3843 ad
709 3778 866 3843 honorem
889 3777 962 3857 Dei,
994 3798 1121 3842 necnon
1137 3778 1179 3843 ad
1202 3776 1301 3843 fidem
1324 3782 1469 3843 nostram

414 3887 449 3946 et
485 3881 579 3969 regni
616 3881 722 3945 nostri
759 3880 953 3957 utilitatem,
990 3880 1181 3967 corrigatur,
1206 3879 1405 3959 melioretur,
1436 3882 1471 3943 ct

414 3983 613 4049 reformetur
634 3988 742 4048 status
764 3983 858 4069 regni
879 3982 986 4047 nostri
1008 3981 1195 4069 supradicti.
1245 3980 1341 4061 Quod
1356 3981 1470 4065 utiquc

414 4087 451 4151 in
482 4108 517 4153 se
546 4086 618 4171 jam
640 4086 735 4171 regni
769 4085 876 4151 nostri
899 4106 1046 4171 proceres
1080 4085 1120 4149 de
1154 4088 1269 4149 nostra
1299 4083 1471 4149 voluntate

415 4188 619 4254 unanimiter
641 4192 899 4274 assumpserunt,
922 4188 973 4253 ita
996 4187 1084 4273 quod
1106 4209 1167 4253 nos
1191 4193 1226 4252 et
1247 4186 1336 4251 filius
1359 4190 1471 4251 noster

414 4291 655 4378 primogenitus
692 4310 753 4377 per
789 4295 920 4354 nostras
958 4294 1111 4377 patentes
1133 4289 1254 4366 literas,
1281 4288 1471 4373 juramento

414 4414 513 4479 super
553 4392 615 4457 hoc
653 4391 880 4481 corporaliter
903 4392 1062 4477 praestito,
1093 4393 1310 4458 concessimus
1347 4390 1470 4456 eisdem

414 4496 502 4579 quod
525 4492 681 4580 quicquid
697 4492 761 4579 ipsi
783 4493 826 4559 ad
849 4492 914 4558 Dei
937 4494 1101 4572 honorem,
1126 4495 1169 4559 ad
1191 4494 1290 4559 fidem
1313 4499 1470 4573 nostram,

413 4602 448 4661 et
470 4597 513 4661 ed
535 4597 630 4682 regni
644 4595 750 4661 nostri
766 4596 948 4662 utilitatem
973 4596 1201 4663 ordinaverint
1216 4603 1250 4662 et
1265 4595 1471 4683 providerint

414 4698 555 4763 firmiter
577 4697 733 4763 faciemus
767 4720 805 4763 ac
834 4698 1073 4764 inviolabiliter
1106 4700 1279 4765 observari.
1325 4698 1469 4763 Etcum

413 4799 496 4863 dicti
519 4820 666 4888 proceres
688 4801 796 4868 nostri
818 4824 878 4868 vos
900 4824 1007 4895 nuper
1029 4802 1221 4889 rogaverint
1243 4807 1283 4867 ut
1305 4800 1469 4886 idipsum
