3609 5800
422 879 671 934 nnnsrusrrvu
693 881 736 932 or
758 881 827 932 rur
849 881 956 932 suros
979 881 1022 930 or
1045 880 1166 931 ursus
1191 879 1241 929 111.
1289 865 1355 930 sol

309 1059 432 1132 nostra,
454 1056 541 1142 quod
573 1077 686 1122 omnes
719 1053 778 1141 qni
808 1054 982 1120 servitium
1013 1054 1110 1122 nobis
1142 1051 1266 1120 debent
1286 1073 1360 1138 per·

309 1158 468 1225 sonaliter
488 1159 558 1225 siut
588 1158 632 1224 ud
653 1179 712 1223 nos
742 1157 832 1243 apud
854 1156 1028 1236 Oxonism,
1050 1180 1072 1224 u
1092 1157 1146 1222 die
1168 1155 1301 1221 Psschae
1322 1153 1359 1219 in

310 1267 377 1326 tres
398 1260 607 1348 septimanus,
630 1281 704 1326 cum
726 1259 819 1345 equis
842 1265 878 1326 et
899 1259 1018 1340 srmis3
1048 1258 1103 1324 vel
1125 1258 1183 1344 qui
1205 1277 1360 1344 persons-

309 1361 386 1428 liter
419 1363 531 1430 venire
563 1384 630 1428 non
664 1366 830 1450 poterunt,
853 1360 1029 1427 servitium
1061 1381 1157 1426 suum
1189 1357 1286 1424 nobis
1316 1356 1359 1422 sd

310 1463 449 1530 cundem
486 1463 574 1530 diem
611 1463 660 1529 ibi
696 1463 751 1529 vel
789 1461 869 1527 alibi
907 1484 973 1548 quo
1006 1462 1054 1528 eis
1087 1461 1169 1530 scire
1202 1459 1360 1526 faciemus

309 1563 456 1642 mittent,
493 1565 537 1631 sd
580 1565 851 1652 proficiscendum
895 1564 1066 1630 nobiscum
1103 1563 1225 1630 exinde
1262 1582 1360 1650 super

309 1665 459 1733 inimicos
481 1671 515 1732 et
537 1666 673 1734 rebelles
695 1671 825 1733 nostros
850 1667 1033 1755 praedictos

353 1768 430 1834 Tibi
462 1768 597 1856 insuper
618 1768 825 1857 praecipimus
856 1769 995 1835 firmiter
1025 1767 1238 1857 injungentes
1271 1764 1359 1852 quod

309 1871 483 1958 puedictos
505 1871 616 1938 fideles
639 1877 777 1950 nostros,
799 1869 905 1936 modis
937 1870 1090 1936 omuibus
1112 1869 1232 1957 quibus
1253 1867 1360 1955 magis

309 1974 432 2040 videris
465 1973 627 2062 expedire,
654 1995 696 2040 ex
718 1979 812 2062 perte
834 1978 949 2039 nostru
978 1971 1151 2040 efficaciter
1171 1993 1304 2038 moveos
1325 1975 1360 2034 et

309 2075 453 2156 induces,
477 2082 516 2142 ut
538 2082 660 2164 praeter
681 2075 854 2141 servitium
876 2096 973 2141 suurn
995 2076 1090 2142 nobis
1113 2075 1263 2142 debitum
1284 2095 1357 2139 cum

308 2183 382 2245 toto
402 2200 497 2266 posse
519 2179 608 2265 quod
637 2177 823 2266 perquirere
852 2182 1020 2266 poterunt,
1042 2178 1086 2243 ud
1106 2177 1262 2263 injurium
1283 2196 1359 2263 pro-

308 2281 414 2368 prium
451 2285 486 2348 et
522 2302 726 2348 communem
764 2281 799 2346 in
836 2301 895 2346 suo
941 2279 1089 2368 principe
1111 2279 1197 2345 <sibi
1240 2278 1360 2344 facturn

308 2383 456 2450 celeriter
485 2384 728 2462 vindicandam,
766 2382 848 2448 cdeo
886 2387 1038 2468 potenter
1075 2387 1111 2448 et
1146 2382 1289 2448 viriliter
1325 2401 1360 2444 se

309 2486 492 2573 accingunt,
514 2486 602 2574 quod
624 2488 769 2574 ipsorum
791 2485 917 2552 auxilio
947 2485 990 2551 de
1011 2484 1178 2573 praedictis
1210 2483 1360 2551 hostibus

309 2588 470 2654 ultionem
492 2589 598 2656 tontis
620 2587 794 2654 sceleribus
825 2586 981 2665 debitum,
1003 2593 1103 2674 prout
1123 2588 1224 2675 regin
1244 2586 1359 2671 majes-

309 2689 374 2755 tuti
396 2690 558 2767 convenit,
580 2711 708 2756 sumere
729 2689 922 2769 valeamus3
950 2695 985 2755 et
1016 2689 1114 2776 qnod,
1137 2690 1253 2758 sedatu
1274 2689 1360 2776 ipso-

310 2813 383 2858 rum
406 2791 504 2870 rabie,
527 2814 593 2881 psx
615 2797 650 2858 et
671 2791 829 2858 securitas
860 2791 904 2857 sd
935 2790 1093 2858 honorem
1115 2792 1180 2860 Dei
1210 2799 1245 2860 et
1267 2792 1360 2880 regni

310 2894 415 2961 nostri
436 2894 642 2961 commodum
664 2895 844 2961 roboretur.

355 2998 525 3065 Provideri
559 2998 661 3065 etium
682 2998 783 3064 sacius
809 2997 898 3084 qnod
920 2997 1068 3065 homines
1090 2999 1132 3065 de
1153 2999 1278 3067 ballivo
1298 3004 1359 3065 tus
1373 3018 1515 3071 Mweteh

310 3100 519 3187 assignentur
540 3100 584 3166 ud
607 3122 707 3178 orma,
725 3105 760 3166 et
781 3100 871 3187 quod
893 3099 1019 3187 vigilius
1039 3107 1075 3167 et
1096 3102 1254 3169 custodire
1275 3102 1360 3166 fiunt
1372 3088 1504 3219 fflz'p‘gl

309 3202 346 3267 in
367 3204 505 3291 siugulis
527 3200 759 3280 comitatibus,¹
773 3202 898 3291 burgis,
921 3208 956 3269 et
977 3203 1051 3269 uliis
1072 3204 1162 3269 villis
1183 3205 1359 3271 comitatus
1371 3220 1510 3271 unumne-

310 3304 369 3385 tui,
393 3306 478 3371 sicut
499 3305 571 3371 fieri
593 3304 787 3385 consuevit;
809 3304 859 3371 itu
891 3305 982 3391 quod
1014 3306 1043 3371 si
1071 3304 1176 3392 uliqui
1208 3286 1490 3403 memmae.

310 3409 419 3471 torum
450 3408 683 3493 pnedictorum
712 3412 773 3472 out
805 3406 946 3472 aliorum
977 3407 1155 3473 transitum
1184 3428 1244 3495 per
1272 3409 1359 3495 ipsos

309 3505 433 3574 sacient
463 3529 519 3574 eos
552 3513 726 3587 srresteut,
758 3512 793 3573 et
824 3508 890 3573 tibi
921 3509 993 3573 sine
1024 3508 1136 3596 ulique
1166 3509 1360 3579 difficultate

310 3608 451 3676 liberent
473 3610 565 3677 selvo
597 3610 834 3678 custodiendos.
880 3610 917 3677 Si
939 3632 1019 3677 vero
1049 3610 1240 3697 hujusmodi
1260 3614 1360 3679 mule-

310 3712 449 3779 factores
482 3734 517 3779 se
547 3735 615 3779 non
645 3712 857 3801 permiserint
899 3712 1064 3792 arrestari,
1095 3720 1178 3781 tunc
1213 3715 1362 3803 praedicti

311 3814 437 3901 vigilie
469 3815 618 3883 custodes
656 3820 690 3881 et
721 3815 780 3880 ulii
811 3815 980 3881 hutesium
1010 3815 1125 3883 levent
1158 3838 1256 3905 super
1289 3818 1362 3884 illos

310 3918 468 4005 undique,
498 3924 533 3985 et
563 3920 652 4005 ipsos
673 3919 892 4005 insequuntur
926 3918 968 3984 de
998 3918 1054 3985 die
1085 3924 1121 3987 et
1151 3926 1256 4001 nocte,
1287 3942 1359 3986 cum

311 4024 383 4087 tois
404 4020 523 4087 villstn
544 4027 578 4087 et
601 4020 721 4087 vicinis
743 4020 877 4099 villatis,
899 4042 973 4087 cum
996 4020 1135 4088 clsmore
1167 4026 1201 4089 et
1223 4022 1362 4102 hutoeio,

311 4121 353 4189 de
386 4122 468 4188 villu
499 4122 535 4187 in
557 4122 680 4203 villum,
704 4123 807 4189 donec
838 4124 1021 4211 capiuntur,
1044 4127 1079 4189 et
1099 4122 1164 4190 tibi
1181 4123 1361 4191 deliberen-

310 4230 375 4307 tur,
398 4224 485 4291 sicut
515 4226 711 4313 praedictum
746 4231 803 4293 est.
850 4226 896 4291 Et
930 4226 981 4292 itu
1010 4230 1045 4291 te
1077 4224 1199 4291 habeus
1231 4226 1267 4291 iu
1301 4226 1363 4293 hsc

310 4332 405 4415 parte
426 4328 515 4414 quod
549 4327 756 4415 diligentium
779 4333 871 4396 tusru
904 4327 1022 4395 exinde
1045 4327 1223 4393 debeamus
1244 4329 1362 4395 merito

310 4430 544 4497 commendare.

321 4644 630 4652 —-....-.—.------—--—-
974 4654 978 4661 Ι
1182 4640 1362 4650 ——-

556 4768 562 4799 ¹
580 4765 747 4833 saturus]
761 4752 826 4827 005,
837 4764 936 4831 us.,s.
947 4764 963 4816 ι.
975 4765 1126 4819 cerussae.
