3609 5800
427 870 491 936 144
576 883 691 934 norm
713 883 787 936 nun
810 885 927 936 ornes
950 881 1156 936 msrosroln
1179 883 1327 936 inmunes

857 1223 1017 1290 DXXIX.

482 1385 580 1453 Jonn
608 1384 791 1451 Onunmnn
814 1399 858 1449 or
885 1384 941 1450 Sr.
968 1385 1133 1450 Lossuzo
1162 1401 1200 1452 rn
1227 1383 1365 1452 Locum
1389 1401 1432 1451 ro

845 1489 976 1554 Hennr
1006 1487 1073 1555 ΙΙΙ.

773 1617 870 1682 (lloynl
882 1617 989 1678 Lelters,
1001 1617 1050 1667 Nc.
1064 1618 1135 1680 948.)

471 1732 648 1820 Magnifico
680 1731 813 1798 domino
846 1732 1003 1810 Henrioo‚
1027 1732 1089 1798 Dei
1112 1732 1222 1820 gretie
1253 1731 1375 1797 illustri
1410 1729 1479 1818 regi

426 1837 566 1922 Angliae,
588 1837 722 1900 domino
752 1835 934 1914 Hiberniae,
959 1856 997 1901 uc
1029 1835 1105 1900 duci
1129 1834 1354 1920 Aquitenniee
1377 1834 1480 1899 frater

425 1939 448 2004 J
453 1939 629 2026 [ohannes]
662 1937 874 2003 miseratione
909 1938 1025 2002 divine
1049 1937 1149 2002 titulo
1173 1936 1204 2002 S.
1240 1936 1410 2001 Laurentii
1443 1936 1479 2000 in

425 2041 551 2106 Lucina
565 2039 737 2127 presbyter
752 2039 937 2119 cardinalis),
954 2039 1154 2118 salutemet
1171 2038 1327 2124 quioquid
1350 2060 1408 2124 per
1430 2038 1480 2102 sui

426 2142 632 2208 devotissimi
653 2141 804 2208 sedulum
827 2141 1021 2228 obsequium
1044 2140 1157 2228 aligeri
1173 2140 1295 2229 poterit
1318 2140 1479 2206 commodi

426 2246 479 2312 vel
501 2245 642 2311 honoris.

209 2389 217 2400 ι
260 2352 327 2404 sive
340 2353 393 2403 An·
471 2348 525 2412 Ex
559 2347 762 2434 inspectione
796 2351 917 2412 vestroe
949 2345 1155 2410 celsitudinis
1186 2345 1367 2422 literarum,
1399 2366 1480 2432 quas

257 2420 383 2483 gelusthe
426 2451 642 2537 personaliter
687 2449 835 2535 legimus,
873 2448 1050 2514 didicimus
1088 2448 1258 2513 evidenter
1295 2447 1383 2536 quod
1422 2470 1480 2514 vos

257 2501 355 2536 erreers
365 2487 396 2536 os

257 2553 412 2616 namnum,
425 2555 565 2620 discreto
587 2554 661 2620 viro
684 2551 842 2638 magistro
858 2551 989 2638 Angelo
1011 2551 1168 2630 Romanu
1185 2551 1414 2616 Cameracensi
1430 2573 1481 2616 oo-

257 2621 335 2669 undn
495 2658 502 2672 .
553 2655 591 2692 2·
874 2654 881 2669 .
1178 2654 1185 2668 .
1222 2655 1229 2669 .
1386 2656 1392 2669 .

257 2687 375 2739 benefice.
425 2678 551 2734 nomon,
581 2678 619 2718 m
641 2655 792 2719 Romana
814 2675 906 2719 cuns
928 2654 1098 2729 advocato,
1121 2676 1288 2719 carissimo
1311 2660 1345 2719 et
1360 2653 1480 2718 dilecto

425 2763 548 2833 nostro,
571 2757 702 2822 tamdiu
734 2757 770 2821 in
803 2777 914 2821 annua
937 2756 1092 2842 pensione
1116 2755 1338 2842 quodraginta
1361 2777 1482 2820 moron-

425 2881 499 2924 rum
544 2858 779 2945 sterlingorum
825 2859 873 2925 dc,
911 2849 1023 2924 vestre
1068 2856 1267 2924 liberalitate
1312 2858 1481 2939 tenemini,

426 2983 594 3049 quousque
626 2962 690 3026 sibi
725 2962 765 3025 de
804 2959 962 3027 beneficio
997 2960 1215 3027 ecclesiastico
1252 2961 1481 3025 aestimationis

425 3064 594 3150 octaginta
630 3084 814 3127 marcarum
860 3063 966 3127 eidem
1012 3085 1070 3151 per
1107 3085 1167 3128 vos
1211 3062 1392 3127 liberaliter
1437 3062 1482 3129 sit

424 3166 600 3252 provisum.
648 3165 733 3231 Oum
766 3164 873 3250 igitur
904 3165 992 3231 idem
1027 3166 1186 3252 magister
1208 3165 1356 3252 Angelus
1386 3165 1482 3229 vobis

425 3275 459 3334 et
481 3289 582 3355 regno
604 3267 649 3332 sit
678 3272 813 3353 propter
846 3266 908 3333 hoc
931 3266 1065 3333 vinculo
1092 3267 1276 3353 juramenti
1310 3266 1482 3333 fidelitatis

424 3371 586 3451 astrictus,
609 3392 647 3434 no
669 3370 765 3435 vobis
788 3374 822 3435 et
852 3392 954 3457 regno
987 3378 1021 3435 et
1054 3371 1089 3435 in
1112 3371 1232 3437 vestris
1266 3370 1410 3457 negotiis
1444 3392 1481 3435 ec

423 3474 518 3560 regni
540 3473 575 3539 in
599 3473 690 3537 curie
712 3472 909 3559 peragendis
941 3494 974 3537 se
1006 3474 1166 3538 hactenus
1189 3472 1371 3538 reddiderit
1394 3471 1482 3536 solli-

424 3575 528 3641 citum
559 3580 594 3641 et
625 3578 802 3654 attentum,
837 3579 871 3640 et
900 3574 1028 3662 jugiter
1065 3597 1124 3661 pro
1159 3574 1280 3639 vestris
1318 3578 1352 3639 et
1390 3574 1481 3661 regni

424 3677 573 3763 negotiis,
598 3681 758 3763 tunquam
788 3681 898 3741 vester
929 3676 1037 3743 fidelis
1064 3676 1204 3762 juratus,
1237 3676 1384 3741 laborare
1417 3698 1481 3741 non

424 3782 527 3843 cesset
539 3801 548 3859 ;
571 3777 663 3864 eujus
685 3778 859 3844 servitium
883 3778 926 3842 nd
948 3782 1098 3843 vestrum
1122 3783 1156 3843 et
1179 3778 1273 3864 regni
1297 3778 1400 3843 vestri
1423 3798 1481 3864 pro

425 3886 515 3946 certo
538 3880 704 3945 noscimus
726 3881 838 3946 cedere
871 3880 1079 3946 commodum
1111 3886 1146 3945 et
1168 3880 1335 3955 honorem,
1358 3900 1418 3945 nec
1442 3880 1482 3945 do

425 3982 581 4069 pensione
608 3981 680 4069 ipss
713 3981 758 4046 sit
793 3982 824 4047 ei
850 3982 886 4047 in
910 3982 1020 4067 eliquo
1042 3980 1259 4061 satisfactum,
1282 4002 1482 4067 quemquem

424 4085 547 4172 pluries
581 4083 812 4170 expendiderit
850 4084 885 4148 in
924 4084 1053 4149 nuntiis
1090 4105 1171 4170 quos
1208 4104 1305 4171 super
1341 4084 1403 4149 hoc
1440 4084 1482 4149 ed

425 4194 572 4252 vestrum
595 4184 824 4251 celsitudinem
858 4184 1064 4266 destinavit;
1088 4190 1123 4251 et
1145 4190 1257 4251 vestre
1279 4186 1370 4273 regis
1392 4208 1483 4273 mog-

460 4444 535 4495 ¹See
558 4446 616 4495 Rot.
644 4444 700 4493 Pu„
729 4448 762 4493 43
784 4442 851 4495 Heu.
874 4444 925 4496 III.
955 4448 958 4524 j
982 4450 1054 4505 1261,
1071 4445 1143 4495 when
1161 4445 1204 4496 the
1215 4444 1301 4495 writer
1312 4447 1413 4495 besem
1430 4460 1485 4495 cer-

423 4540 457 4575 m.
475 4530 500 4575 9.
532 4524 589 4574 The
609 4522 715 4588 sunnity
733 4522 803 4573 thero
821 4524 928 4587 wanted
955 4541 957 4556 ¹
978 4524 1048 4574 dinel
1066 4524 1156 4589 bislrop
1178 4524 1208 4575 oi
1224 4526 1308 4575 Porto.
1345 4524 1392 4575 See
1412 4525 1485 4575 letter

423 4603 454 4663 is,
473 4603 598 4663 however,
615 4600 645 4651 ol
658 4608 762 4665 twenty,
784 4608 830 4651 not
851 4600 928 4666 iorty,
955 4627 957 4662 Ι
978 4602 1101 4654 DLXlX.

422 4682 517 4731 merlis.
552 4680 773 4731 Thelettermnst
788 4680 927 4731 herebeen
1005 4680 1201 4732 'Cauunceusi
1224 4682 1353 4747 canonico]
1377 4682 1481 4733 Comen>

424 4760 524 4813 written
547 4769 573 4811 nt
601 4774 652 4827 eny
674 4766 729 4810 rste
756 4760 842 4810 before
864 4760 927 4814 Dee.
978 4764 1032 4821 een,
1045 4760 1102 4813 MS.
