3609 5800
484 845 551 912 348
641 857 757 909 sorau
778 856 852 908 aru
875 858 994 909 ornan
1017 857 1224 935 meromoau
1247 857 1396 910 suerrus

483 1044 680 1132 Raymoudo
702 1046 744 1111 de
765 1044 855 1111 Aula
876 1044 1050 1111 mercatori
1079 1051 1114 1111 et
1146 1044 1242 1111 sociis
1271 1044 1340 1111 suis
1361 1068 1405 1112 ex
1436 1051 1531 1134 parte

482 1151 595 1214 nostra
625 1150 693 1213 tres
726 1146 814 1212 mille
851 1147 992 1234 triginta
1014 1151 1048 1214 et
1080 1153 1148 1214 tres
1179 1147 1290 1228 libras,
1312 1169 1372 1214 sex
1400 1148 1530 1231 solidos,

482 1253 517 1315 et
549 1253 623 1316 octo
654 1249 803 1316 denarios
833 1250 1035 1316 Turoneuees
1067 1249 1201 1315 solvisse
1230 1271 1290 1316 vos
1326 1249 1531 1317 intendimus

482 1374 524 1418 ex
546 1356 639 1440 perte
659 1359 793 1431 nostra3
819 1351 915 1418 vobis
936 1351 1130 1418 mandamus
1152 1357 1315 1438 quatenus
1337 1352 1377 1418 de
1399 1353 1529 1420 residuo

482 1454 645 1520 dictarum
685 1455 825 1520 duarum
869 1453 961 1520 mille
996 1475 1179 1520 marcarum
1226 1453 1400 1542 praedictoe
1439 1455 1530 1523 mille

481 1561 664 1645 nongentas
686 1562 721 1623 et
742 1557 918 1644 sexaginta
934 1562 1059 1645 septem
1081 1557 1192 1634 libras,
1206 1556 1378 1623 duodecim
1399 1557 1529 1636 solidos,

481 1665 515 1726 et
559 1681 618 1726 sex
662 1660 812 1726 denarios
846 1660 1050 1725 Turoneuses
1093 1657 1291 1746 supradictis
1330 1658 1529 1736 Guillielmo,

482 1761 675 1840 Reimundo,
718 1769 752 1828 et
789 1783 902 1827 eorum
940 1759 1043 1838 sociis,
1076 1761 1145 1826 vel.
1166 1780 1278 1826 eorum
1326 1760 1433 1838 alteri,
1469 1765 1529 1827 aut

480 1886 592 1930 eorum
621 1863 675 1930 vel
703 1863 838 1929 alterius
874 1884 988 1928 eorum
1017 1862 1174 1927 mandato
1204 1865 1380 1950 praeseutes
1415 1862 1528 1928 literas

480 1965 640 2032 deferenti
676 1965 813 2031 liberare
850 1986 919 2030 non
950 1964 1124 2043 desistatis,
1156 1969 1343 2030 statuentes
1373 1964 1463 2051 quod
1498 1965 1528 2030 ai

481 2067 568 2154 quod
590 2067 678 2134 ultra
701 2067 898 2134 solutionem
921 2067 1028 2153 ipsam
1059 2065 1229 2131 residuum
1261 2064 1371 2143 fuerit,
1394 2064 1528 2132 Parisiis

479 2171 516 2236 iu
553 2169 707 2236 thesauro
744 2169 861 2235 domus
898 2167 1092 2255 Hospitalis,
1126 2167 1182 2234 vel
1214 2165 1295 2233 alibi
1340 2166 1400 2234 ubi
1432 2168 1528 2233 uobis

479 2273 679 2340 commodius
712 2271 881 2337 videbitur
917 2271 1080 2357 expedire,
1117 2291 1192 2336 oum
1236 2268 1363 2337 ultimis
1399 2271 1528 2337 duobus

478 2376 624 2442 millibus
654 2396 836 2441 marearum
868 2371 997 2438 faciatis
1027 2372 1160 2450 servari,
1183 2392 1351 2459 quousque
1381 2393 1403 2436 a
1430 2373 1527 2438 nobis

477 2478 664 2566 receperitis
686 2477 722 2544 iu
746 2475 914 2542 mandatis
935 2474 1017 2563 quid
1048 2474 1090 2540 de
1120 2474 1201 2562 ipsis
1234 2473 1340 2540 faeere
1371 2473 1527 2540 debeatis

479 2581 650 2650 Credimus
682 2585 794 2646 tamen
825 2577 915 2666 quod
945 2597 1043 2664 super
1076 2576 1127 2640 his
1157 2576 1224 2642 cito
1255 2574 1420 2642 habebitis
1441 2576 1527 2641 velle

477 2689 634 2749 nostrum.
703 2681 744 2745 Iu
789 2679 980 2746 executione
1008 2678 1266 2766 ‘praemissorum
1310 2677 1423 2744 taliter
1466 2699 1527 2746 vos

477 2785 627 2852 habeatis
649 2805 691 2850 ue
706 2803 805 2870 penes
822 2782 905 2848 ulios
926 2785 1121 2848 mercatores
1142 2801 1203 2846 nee
1217 2801 1332 2846 versus
1353 2781 1526 2867 praedictos

478 2887 573 2955 uobis
604 2886 685 2953 alias
718 2884 761 2952 ob
783 2885 885 2952 vestri
908 2883 1073 2952 defectum
1104 2883 1217 2949 aditus
1248 2881 1424 2950 credentias
1454 2884 1525 2949 sive

477 2990 586 3057 mutui
608 2988 838 3076 praecludatur,
861 2988 950 3074 quod
975 2986 1001 3052 si
1024 2986 1240 3074 contingeret,
1263 2986 1350 3073 quod
1372 2986 1467 3065 absit,
1489 2993 1525 3054 et

478 3094 559 3161 dicti
596 3096 791 3158 mercatores
828 3112 940 3158 eorum
977 3088 1100 3156 infecto
1136 3089 1269 3177 negotio
1305 3089 1443 3155 redeant
1486 3090 1524 3155 in

476 3196 587 3261 Accon
609 3194 732 3281 absque
753 3193 915 3260 solutione
946 3192 1094 3281 pecuniae
1115 3192 1291 3279 praediccoe,
1314 3213 1373 3278 pro
1394 3192 1526 3279 singula

476 3297 563 3362 libra
577 3296 759 3362 Turoneusi
782 3300 850 3361 tres
872 3294 1033 3361 bisantius
1054 3294 1127 3359 auri
1149 3299 1357 3359 saracenatos
1377 3300 1414 3359 et
1427 3293 1524 3360 dimi·

477 3398 569 3465 dium
592 3404 744 3465 tenemur
765 3405 800 3465 et
825 3398 1036 3485 promisimus
1057 3396 1219 3475 resortire,
1242 3398 1331 3483 quod
1352 3396 1521 3463 nollemus

521 3501 646 3569 Datum
680 3501 769 3589 apud
803 3502 990 3578 Acconiam‚
1013 3500 1166 3566 vicesimo
1197 3499 1315 3586 quinto
1350 3499 1403 3564 die
1430 3498 1523 3577 Maii,

476 3626 562 3670 anuo
591 3606 684 3692 regui
715 3604 839 3671 domiui
873 3604 959 3692 regis
991 3602 1096 3689 patris
1126 3603 1232 3668 nostri
1253 3600 1522 3688 quinquagesimo

476 3704 594 3773 sexto.¹

509 4023 516 4054 ¹
536 4018 867 4080 sarracenescum
879 4014 1521 4083 psemyauuaaunuemymeaen

476 4100 543 4167 pain
778 4134 782 4141 ·

788 4408 1222 4423 W
