3609 5800
374 933 378 940 ·
470 901 533 964 286
626 913 740 964 norm
762 911 836 962 svn
859 914 976 962 ornus
998 913 1205 964 ursroarcsu
1228 916 1376 964 nummus

467 1087 636 1152 voluerint
658 1107 692 1152 se
717 1087 905 1153 transferre.
954 1086 1000 1152 Et
1030 1088 1257 1173 promittimus
1289 1089 1378 1175 ipsos
1410 1111 1526 1154 manu-

467 1193 578 1254 tenere
612 1194 647 1253 et
678 1188 851 1255 defendere
889 1190 926 1253 in
965 1189 1032 1255 suis
1065 1189 1207 1276 juribus,
1236 1189 1458 1268 libertatibus,
1489 1196 1526 1256 et

467 1290 771 1370 consuetudinibus,
787 1291 873 1357 sicut
888 1297 1013 1358 ceteros
1034 1293 1184 1358 homines
1207 1298 1347 1374 nostros,
1365 1293 1525 1378 quamdiu

467 1391 528 1458 sub
551 1392 647 1459 nobis
668 1394 838 1460 voluerint
860 1396 1065 1460 commorari.
1112 1395 1207 1461 Etsi
1229 1401 1345 1461 contra
1365 1396 1525 1482 praedicta

466 1495 580 1561 venire
610 1497 924 1584 praesumpserimus,
951 1497 1105 1562 volumus
1131 1501 1166 1562 et
1196 1498 1405 1564 concedimus
1435 1497 1524 1583 quod

467 1597 533 1662 nisi
577 1597 665 1663 infra
709 1605 777 1664 tres
821 1620 950 1665 menses
992 1605 1167 1686 postquam
1204 1622 1247 1665 ex
1284 1605 1380 1687 parte
1420 1600 1524 1685 ipsius

468 1700 593 1764 domini
615 1699 702 1787 regis
724 1700 885 1766 fuerimus
907 1700 1061 1787 requisiti
1084 1700 1146 1766 hoc
1167 1707 1393 1789 competenter
1414 1724 1524 1768 emen·

468 1802 665 1881 deverimus,
689 1803 777 1888 quod
799 1803 888 1868 idem
911 1801 1065 1868 dominus
1095 1808 1209 1868 noster
1237 1825 1298 1869 rex
1318 1809 1444 1870 extunc
1464 1826 1524 1890 per

467 1904 675 1990 praescriptas
697 1905 934 1971 conventiones
955 1911 991 1970 et
1013 1906 1232 1971 oonoessiones
1254 1905 1291 1970 in
1312 1905 1405 1972 nullo
1426 1906 1523 1971 uobis

468 2010 629 2072 teneatur.

513 2107 611 2188 Quod
643 2113 755 2173 autem
788 2108 925 2175 domino
953 2114 1069 2176 nostro
1099 2109 1170 2196 regi
1193 2113 1365 2194 tamquam
1387 2109 1522 2176 domino

467 2210 599 2276 obedire
636 2215 672 2276 et
704 2211 828 2277 servire
861 2217 897 2277 et
939 2212 1132 2298 praedictam
1174 2210 1373 2287 solutionem
1416 2211 1521 2278 facere

466 2312 684 2399 promisimus,
720 2313 977 2400 intelligendum
1014 2319 1065 2379 est
1102 2313 1191 2399 quod
1235 2314 1396 2400 quamdiu
1432 2314 1521 2380 idem

467 2415 620 2482 dominus
657 2437 718 2480 rex
759 2415 1003 2482 ordinationem
1052 2417 1246 2502 praedictam
1295 2438 1427 2482 servare
1464 2438 1522 2481 vo-

466 2517 575 2597 luerit,
598 2517 748 2604 alioquin
777 2519 807 2582 si
838 2518 1070 2585 contravenire
1102 2520 1359 2606 praesumpserit,
1392 2524 1426 2584 et
1458 2519 1522 2584 hoc

465 2642 523 2706 per
553 2619 728 2686 consilium
757 2642 853 2684 suum
885 2621 975 2707 quod
1006 2621 1186 2686 secundum
1217 2621 1357 2686 formam
1390 2621 1519 2687 ordina-

465 2723 567 2788 tionis
591 2722 737 2808 ejusdem
760 2722 915 2789 habuerit
947 2723 1044 2789 nobis
1075 2723 1312 2790 denunciatum
1343 2723 1520 2800 exstiterit,

466 2825 502 2889 in
523 2831 644 2890 neutro
666 2824 731 2890 sibi
761 2829 945 2905 teneamur,
967 2826 1073 2903 ,donec
1104 2847 1139 2892 se
1161 2847 1259 2913 super
1280 2825 1342 2892 hoc
1365 2826 1520 2891 emenda·

466 2929 554 2992 verit
581 2933 615 2992 et
646 2929 893 2995 concordaverit
924 2951 959 2995 se
987 2930 1200 3016 magnatibus
1222 2931 1291 2995 suis
1312 2930 1518 3017 supradictis,

450 3033 542 3119 'post
563 3029 652 3114 quod
674 3030 740 3095 sibi
762 3030 955 3097 obediemus
976 3036 1146 3117 tamquam
1169 3030 1305 3098 domino
1331 3036 1368 3097 et
1388 3030 1520 3099 satisfa-

466 3130 588 3197 ciemus
611 3137 650 3197 ut
672 3134 773 3218 prius.

511 3233 638 3299 Datum
675 3234 712 3298 in
744 3234 859 3299 castris
885 3234 989 3320 juxta
1028 3236 1205 3321 Pypertou,
1240 3235 1295 3301 die
1331 3242 1518 3302 sanctorum

467 3332 617 3400 Gervasii
643 3341 677 3401 et
707 3335 882 3416 Prothasii‚
906 3357 994 3402 anno
1024 3336 1161 3402 Domini
1194 3336 1368 3403 millesimo
1398 3338 1518 3403 ducen-

466 3437 584 3501 tesimo
622 3439 827 3526 sexagesimo
872 3439 998 3525 quinto.
1059 3438 1102 3504 In
1139 3439 1234 3526 cujus
1276 3440 1325 3505 rei
1369 3440 1520 3505 testimo-

465 3539 558 3604 nium
611 3539 688 3605 huic
735 3542 958 3607 instrumento
1006 3541 1152 3628 sigillum
1201 3546 1351 3607 nostrum
1396 3542 1520 3629 apponi

465 3640 610 3721 fecimus,
641 3643 861 3729 praesentibus
897 3648 933 3708 et
963 3643 1244 3709 consentientibus
1279 3642 1419 3709 Griffino
1448 3644 1520 3707 filio

465 3742 704 3823 Wennunwcn,
738 3743 877 3811 Griffino
910 3746 980 3810 filio
1002 3745 1144 3824 Medoci,
1167 3746 1309 3812 Howelo
1337 3751 1373 3811 et
1394 3745 1520 3810 Madok

464 3844 625 3911 fratribus
661 3847 738 3927 suis,
779 3846 844 3912 Res
882 3846 1031 3934 Vychan‚
1065 3848 1217 3913 Howelio
1248 3848 1319 3913 filio
1354 3848 1518 3929 Maredut,

465 3947 585 4013 Howel
611 3947 681 4014 filio
708 3947 796 4029 Resi,
824 3948 936 4015 Goron
969 3950 1039 4017 filio
1062 3949 1259 4029 Etdenavet,
1284 3951 1412 4019 Howen
1448 3950 1518 4017 filio

466 4048 637 4137 Blethyin,
660 4055 696 4117 et
716 4050 831 4118 multis
854 4052 937 4118 aliis.
