3609 5800
451 869 516 933 302
606 883 721 936 uorsa
743 883 817 936 ann
839 886 956 936 orum
977 885 1183 939 nmromoan
1207 889 1356 940 armans

494 1058 590 1174 Teste
612 1081 687 1148 rege
709 1059 798 1148 apud
816 1059 1152 1142 westmonasterium,
1169 1063 1289 1150 quinto
1310 1063 1436 1130 decimo
1450 1063 1505 1129 die

451 1161 620 1328 Maiiritoiiem
654 1265 752 1331 modo
788 1265 983 1332 mandatum
1020 1275 1071 1334 est
1102 1268 1266 1335 universis
1299 1273 1335 1335 at
1365 1269 1505 1355 singulis

451 1365 697 1434 vicecomitibus
719 1389 778 1456 per
800 1367 966 1457 Angliam.

929 1788 1025 1856 DGL

500 1928 632 1996 Hnnar
655 1929 717 1998 ΙΙΙ.
740 1949 784 2001 ιο
805 1949 876 2000 run
898 1933 1065 2003 Bamrrrs
1087 1948 1161 2002 ann
1184 1933 1285 2005 Goon
1309 1933 1392 1998 Mau
1415 1949 1460 1998 os

913 2037 1040 2104 Poena.

801 2182 897 2248 (Rosa
908 2183 1014 2246 latera
1025 2183 1074 2238 No.
1088 2185 1158 2247 lto.)

283 2309 395 2378 Apula,
496 2303 668 2386 Henricns,
691 2307 755 2372 Dei
776 2308 884 2394 gratia
906 2331 967 2374 rex
988 2308 1130 2395 Angliae,
1153 2307 1305 2373 dominus
1332 2305 1505 2372 Hibemiae

285 2383 357 2430 ¹²⁶⁶·
450 2411 486 2470 a
508 2407 578 2473 aux
599 2408 826 2496 aquitannia,
849 2409 979 2477 suasa
1001 2417 1036 2476 a
1057 2410 1212 2476 auersus
1233 2409 1300 2476 sua
1322 2407 1457 2474 nuova
1470 2412 1506 2474 a

450 2510 562 2597 probis
584 2510 774 2579 hominibus
795 2512 862 2580 suis
884 2513 926 2580 de
949 2513 997 2579 la
1019 2513 1106 2592 Polo,
1130 2513 1281 2580 salutem

283 2618 427 2700 Theccuu
497 2612 579 2678 Cum
618 2613 705 2680 iilos
731 2616 771 2681 de
805 2616 967 2703 portubus
1001 2617 1045 2682 ad
1076 2617 1220 2704 gratiam
1254 2621 1289 2682 ct
1318 2615 1362 2681 ad
1392 2635 1504 2702 pacem

283 2687 414 2803 {1³1le
349 2755 432 2820 partly
451 2720 597 2782 nostram
629 2717 829 2797 admisimus,
851 2741 912 2808 per
942 2721 1030 2804 quod
1062 2723 1259 2786 mercatores
1292 2717 1334 2784 de
1355 2716 1506 2805 partibus

282 2818 419 2884 marnes
452 2819 682 2885 transmarinis
705 2823 740 2886 et
770 2819 844 2886 aiiis
866 2821 946 2886 locis
967 2821 1227 2909 undicumque
1216 2843 1253 2886 m
1274 2841 1411 2909 regnum
1433 2841 1509 2885 nos·

282 2887 434 3017 min„
452 2926 544 2986 trum
567 2923 713 2988 securius
735 2923 871 2989 venturi
893 2929 973 2990 sunt
995 2924 1039 2990 ad
1060 2924 1297 3014 negotiandum
1318 2924 1443 2990 ibidem
1465 2922 1506 2989 de

282 3022 420 3137 ξιῖιᾰοιέῡ
405 3028 432 3072 οι
451 3022 549 3087 rebus
587 3028 622 3089 et
669 3024 882 3091 mercandisis
926 3027 1002 3106 suis,
1041 3028 1127 3093 sicut
1168 3033 1246 3093 unte
1283 3026 1507 3093 turbationem

282 3102 438 3219 rogoin-m
452 3145 560 3211 nuper
591 3124 784 3191 habitam
776 3150 811 3192 m
842 3150 944 3216 regno
975 3135 1090 3196 nostro
1120 3128 1227 3195 iacere
1258 3133 1507 3209 emanaverunt,

281 3219 441 3338 maffia
452 3248 490 3291 ac
512 3226 662 3293 turbatio
686 3228 852 3315 praedicta,
877 3232 920 3296 ob
947 3252 1047 3317 quam
1078 3236 1276 3298 mercatores
1298 3230 1451 3297 diversi
1436 3251 1505 3316 Jac-

283 3354 375 3405 om
452 3333 545 3395 turae
579 3336 614 3397 et
636 3331 758 3397 damna
789 3334 935 3399 enormia
964 3356 1024 3423 per
1054 3334 1313 3422 depraedationes
1341 3334 1443 3399 toltas
1472 3336 1507 3398 et

451 3428 630 3499 homicidia
668 3434 908 3516 sustinuerunt,
946 3438 1095 3503 nondum
1133 3436 1176 3502 ad
1213 3436 1346 3523 plenum
1383 3436 1509 3500 existat

450 3534 645 3621 pacificata;
674 3556 735 3602 nec
757 3537 898 3605 velimus
921 3539 1011 3625 quod
1032 3545 1230 3605 mercatores
1251 3528 1410 3625 praediiti
1432 3542 1508 3624 post

451 3641 504 3702 tot
527 3636 718 3703 discrimina
741 3638 788 3711 eis
810 3642 977 3707 occasione
999 3640 1201 3707 turbationis
1223 3640 1390 3727 praedictae
1403 3638 1507 3717 illata,

452 3738 590 3805 ulterius
613 3740 734 3806 damna
755 3742 952 3823 sustineant,
975 3766 1036 3809 nec
1069 3742 1283 3831 transgressio
1315 3742 1426 3827 aliqua
1453 3742 1505 3806 in-

450 3839 580 3906 feratur
603 3840 736 3921 eisdem,
759 3844 905 3911 maxime
937 3868 1013 3910 cum
1047 3845 1076 3909 si
1111 3845 1269 3910 damnum
1302 3844 1439 3929 aliquod
1460 3843 1507 3910 eis

451 3942 492 4009 dc
515 3947 623 4010 cetero
642 3967 701 4031 per
715 3945 844 4033 aliquos
859 3948 895 4011 in
918 3970 1020 4035 regno
1042 3952 1155 4013 nostro
1178 3945 1347 4025 inferatur,
1361 3946 1457 4011 nobis
1470 3951 1506 4012 et

451 4046 604 4113 fidelibus
620 4048 750 4126 nostris,
766 4070 895 4114 necnon
910 4055 946 4116 et
966 4050 1033 4116 toti
1049 4071 1150 4137 regno
1164 4054 1287 4129 nostru,
1301 4048 1338 4115 in
1360 4049 1506 4127 dedecus,

450 4146 649 4227 scandalum,
672 4154 708 4215 et
732 4150 945 4237 opprobrium
971 4152 1129 4239 imputati
1154 4150 1281 4217 vaderet
1303 4150 1506 4239 temporibus

449 4250 590 4317 futuris:
613 4252 708 4317 vobis
730 4254 932 4334 mandamus,
954 4254 992 4319 in
1005 4254 1080 4336 fide,
1095 4254 1256 4343 homagio,
1278 4260 1312 4320 at
1331 4253 1505 4320 dilectione

448 4353 568 4438 quibus
599 4352 695 4420 nobis
728 4356 887 4421 tenemini
921 4356 1061 4423 firmiter
1091 4356 1310 4444 injungentes,
1339 4360 1503 4442 quatenus

448 4476 522 4521 cum
538 4462 753 4537 ¹mercatores
790 4459 918 4545 aliquos
952 4460 995 4525 ad
1032 4459 1147 4525 villam
1183 4465 1329 4525 vestram
1365 4480 1423 4524 seu
1460 4458 1503 4524 ad

447 4564 558 4645 partes
581 4564 707 4626 vestras
730 4582 804 4627 oum
827 4562 925 4629 rebus
956 4567 992 4629 et
1012 4561 1226 4627 mercandisis
1257 4561 1326 4627 suis
1348 4560 1500 4626 accedere

447 4663 628 4749 contingat,
652 4663 741 4750 ipsos
763 4664 799 4728 in
822 4665 905 4730 vilia
926 4669 1042 4730 vestra
1071 4665 1245 4753 receptctia
1276 4664 1443 4729 orrriaiiter
1465 4667 1501 4728 et

447 4763 594 4851 benigne,
610 4769 646 4830 et
668 4766 809 4853 aliquem
832 4766 940 4834 locum
961 4773 1087 4835 certum
1108 4766 1197 4834 inira
1210 4766 1326 4834 villam
1343 4771 1499 4845 vacuam,
