3609 5800
689 895 866 946 arrnnmx
889 896 941 947 ιιι.
1274 885 1340 954 397

288 1069 384 1125 lacere
404 1085 461 1124 nou
484 1074 617 1140 possunt,
644 1087 740 1141 neque
765 1071 964 1127 venditionem
987 1089 1040 1126 nec
1065 1072 1195 1144 aliquam
1222 1071 1338 1128 distric-

288 1154 398 1208 tionem
423 1151 460 1207 de
479 1152 643 1209 hereditate
667 1154 729 1220 illa,
752 1154 806 1211 sed
826 1157 909 1210 salvo
931 1173 995 1210 eam
1016 1156 1182 1211 custodiant
1204 1157 1243 1212 ad
1265 1174 1339 1228 opus

288 1237 361 1292 dicti
380 1236 509 1301 heredis,
528 1237 571 1292 ita
589 1237 668 1308 quod
686 1255 754 1294 cum
772 1238 810 1293 ad
829 1245 946 1294 oetatem
963 1240 1131 1311 pervenerit
1147 1240 1203 1296 sibi
1222 1257 1340 1312 respon·

288 1320 376 1376 deant
400 1337 452 1392 per
476 1321 640 1393 legitimam
664 1323 909 1394 computationem
934 1322 970 1378 de
998 1324 1125 1380 exitibus
1149 1323 1234 1379 dictae
1257 1325 1340 1380 here-

287 1403 398 1469 ditatis,
419 1403 509 1460 salvis
526 1405 600 1475 ipsis
620 1404 791 1462 custodibus
811 1406 1034 1462 rationabilibus
1052 1407 1136 1463 misia
1158 1409 1229 1463 suis.
1275 1407 1339 1462 Nec

288 1488 376 1542 etiam
393 1491 518 1559 possunt
534 1487 607 1544 dicti
627 1489 764 1544 custodes
784 1490 975 1561 maritagium
987 1490 1059 1546 dicti
1079 1491 1195 1546 heredis
1209 1491 1278 1546 dare
1291 1492 1339 1548 vel

287 1572 423 1636 vendere,
443 1572 501 1626 nisi
520 1571 558 1626 ad
575 1572 760 1627 commodum
776 1573 871 1644 ipsius
889 1573 1017 1629 heredis.

322 1654 432 1711 Nullus
459 1660 599 1721 escaetor,
619 1661 671 1711 aut
697 1657 864 1728 inquisitor,
883 1657 933 1712 vel
956 1656 1141 1728 justiciarius
1168 1658 1206 1713 ad
1231 1659 1339 1714 assises
1354 1661 1446 1716 Sundry

287 1738 399 1810 aliquas
418 1739 575 1810 capiendas
588 1740 757 1812 specialiter
768 1725 946 1811 assignatus,
960 1740 1059 1796 velud
1072 1742 1206 1813 querelas
1225 1742 1339 1814 aliquas
1353 1715 1443 1812 ffiffi
1444 1715 1494 1810 ¹12¹ss

287 1822 446 1880 audiendas
464 1833 495 1879 ot
511 1824 721 1890 terminandas,
742 1823 779 1878 de
796 1831 895 1879 cetero
912 1830 1088 1896 potestatem
1106 1825 1233 1880 habeant
1245 1844 1339 1880 amer·
1354 1821 1486 1870 Wlffl-

286 1907 383 1962 ciaudi
400 1925 453 1978 pro
471 1907 581 1962 defalta
598 1909 762 1963 communis
781 1907 1027 1972 summonitionis,
1047 1909 1107 1964 nisi
1124 1910 1259 1982 capitalis
1275 1909 1338 1980 jus·

286 1990 419 2046 ticiarius
436 1990 485 2046 vel
500 1991 661 2062 justiciarii
678 1992 850 2047 itinerantes
867 1991 899 2046 in
917 1991 1073 2048 itineribus
1092 1993 1162 2048 suis.

322 2073 405 2130 Viris
419 2080 518 2130 autem
529 2075 679 2146 religiosis
690 2093 749 2130 non
759 2076 848 2130 liceat
864 2075 982 2146 ingredi
994 2075 1113 2130 feodum
1131 2076 1257 2149 alicujus
1276 2079 1340 2134 sine

284 2157 406 2214 licentia
422 2159 556 2230 capitalis
575 2159 696 2224 domini,
716 2159 753 2216 de
772 2177 830 2229 quo
859 2159 974 2215 scilicet
1000 2177 1049 2216 res
1077 2161 1142 2232 ipsu
1168 2161 1338 2217 immediate

287 2249 412 2298 tenetur.

322 2326 367 2381 De
385 2327 510 2382 essoniis
528 2332 629 2383 antem
645 2327 799 2399 provisum
826 2333 873 2384 est
900 2327 979 2399 quod
996 2327 1029 2384 in
1046 2328 1243 2393 comitatibus,
1265 2329 1339 2384 hun-

286 2410 396 2476 dredis,
416 2418 467 2467 aut
493 2412 584 2467 curiis
610 2412 764 2478 baronum,
782 2412 832 2468 vel
856 2411 938 2477 alibi,
967 2412 1067 2468 nullus
1094 2413 1202 2468 habeat
1218 2431 1338 2470 necesse

283 2495 389 2566 jurare
403 2512 458 2567 pro
476 2495 592 2550 esscnio
610 2511 664 2550 suo
682 2495 923 2550 wamntizando.
1175 2559 1189 2578 ⁸

322 2578 479 2634 Provisum
504 2584 551 2634 est
577 2579 675 2643 etiam,
705 2578 784 2649 quod
811 2578 837 2633 si
863 2578 963 2634 averia
988 2578 1113 2650 alicujus
1139 2579 1291 2652 capiantur
1309 2585 1339 2636 et

286 2663 396 2734 injuste
414 2663 609 2728 detineantur,
623 2663 787 2719 vicecomes
800 2669 867 2734 post
885 2663 1100 2734 querimoniam
1118 2664 1185 2718 inde
1204 2665 1261 2720 sibi
1280 2665 1339 2720 suc-

286 2753 348 2803 tum
368 2765 411 2812 ea,
444 2747 507 2802 sine
533 2746 745 2817 impedimento
762 2747 811 2802 vel
838 2746 1068 2802 contradictione
1096 2746 1160 2818 ejus
1188 2749 1239 2819 qni
1258 2747 1337 2803 dictu

286 2832 386 2886 averia
403 2831 483 2904 cepit
499 2829 665 2886 deliberare
681 2830 785 2902 possit,
799 2831 826 2884 si
844 2835 927 2886 extra
944 2829 1095 2886 libertates
1114 2837 1199 2905 capta
1217 2833 1335 2887 fuerint.

286 2916 327 2971 ltt
352 2916 378 2971 si
404 2915 484 2970 infra
508 2915 661 2970 libertates
685 2913 856 2987 hujusmodi
881 2914 1035 2986 capiantur
1054 2916 1164 2982 averia,
1185 2922 1215 2973 et
1233 2916 1337 2971 ballivi

285 2999 456 3056 libertatum
479 3016 516 3054 ea
541 2999 705 3054 deliberare
722 2998 881 3063 noluerint,
900 3004 972 3055 tunc
988 3000 1153 3056 vicecomes
1172 3018 1225 3071 per
1243 3000 1337 3055 defec-

287 3090 351 3139 tum
369 3083 514 3140 dictorum
532 3083 708 3138 ballivorum
728 3100 763 3137 ea
781 3082 871 3137 faciat
887 3082 1055 3138 deliberari.

321 3166 431 3222 Nullus
450 3167 485 3222 de
504 3172 601 3223 cetero
619 3166 798 3238 distringere
822 3167 917 3239 possit
944 3168 1036 3223 libere
1062 3174 1194 3225 tenentes
1214 3186 1282 3227 snos
1302 3170 1339 3226 ad

287 3250 522 3322 respondendum
540 3249 576 3305 de
593 3250 689 3305 libero
701 3257 866 3305 tenemento
884 3268 948 3313 suo,
967 3268 1063 3321 neque
1081 3252 1117 3305 de
1136 3252 1283 3323 aliquibus
1302 3254 1336 3309 ad

286 3334 412 3391 liberum
430 3340 629 3390 tenementum
656 3352 743 3390 suum
771 3334 971 3405 spectantibus
990 3335 1053 3389 sine
1071 3335 1155 3390 brevi
1174 3338 1264 3408 regis,
1284 3356 1338 3393 nec

283 3419 385 3490 jurare
413 3419 503 3474 faciat
531 3418 623 3473 libere
649 3424 784 3474 tenentes
809 3435 877 3473 suos
905 3422 1007 3474 contra
1032 3419 1214 3475 voluntatem
1243 3438 1336 3487 suum,

287 3502 402 3559 desicnt
419 3504 520 3558 nullus
537 3503 592 3557 hoc
611 3504 708 3558 lacere
725 3508 823 3574 potest
840 3502 904 3556 sine
922 3506 1067 3574 praecepto
1084 3504 1175 3575 regis.

321 3587 431 3643 Nullus
450 3588 487 3642 de
499 3594 606 3650 cetero,
626 3591 747 3657 excepto
758 3603 840 3656 rege,
854 3586 999 3657 placitum
1017 3592 1116 3641 teneat
1133 3587 1165 3641 in
1182 3587 1265 3642 curia
1283 3605 1337 3643 sua

288 3670 324 3726 de
341 3672 416 3727 salso
431 3670 546 3741 judicio
563 3670 641 3725 iacto
659 3670 690 3724 in
712 3670 795 3725 curis
812 3669 979 3725 tenentium
998 3686 1128 3735 suornm,
1150 3672 1219 3743 quis
1235 3672 1338 3743 hujus-

285 3755 365 3811 modi
391 3756 501 3827 placita
526 3756 564 3811 ad
590 3772 726 3810 coronam
751 3753 920 3827 specialiter
938 3755 1087 3825 pertinent
1105 3761 1135 3813 et
1161 3754 1337 3827 dignitatem

286 3856 376 3910 regis.

320 3923 478 3979 Provisum
495 3928 541 3978 est
558 3923 657 3988 etiam,
678 3921 801 3994 quodsi
819 3921 925 3979 bellivi
945 3922 996 3994 qui
1014 3926 1182 3994 compotum
1209 3923 1335 3979 dominis

287 4008 349 4062 suis
366 4007 490 4063 reddere
507 4012 653 4071 tenentur,
668 4024 699 4061 se
718 4006 926 4071 subtraxerint,
946 4013 977 4062 et
993 4012 1087 4061 terras
1106 4006 1155 4061 vel
1171 4012 1338 4063 tenemento

285 4108 343 4145 non
359 4092 517 4146 habuerint
534 4109 588 4163 per
606 4108 672 4162 quoe
690 4089 829 4161 distringi
852 4090 974 4161 possint,
996 4096 1065 4145 tunc
1084 4106 1137 4160 per
1155 4106 1256 4145 eorum
1274 4108 1337 4145 cor-

285 4192 357 4245 pora
375 4176 580 4240 attachientnr,
601 4176 644 4229 ita
662 4173 740 4245 quod
756 4174 956 4239 vicecomites,
970 4174 1139 4245 inquorum
1157 4173 1275 4230 ballivis
1293 4177 1337 4230 in·

285 4260 450 4323 venientur,
470 4276 520 4314 ecs
538 4258 640 4314 venire
658 4257 768 4313 faciant
785 4257 822 4312 ad
840 4263 1007 4329 compotum
1027 4274 1114 4313 suum
1132 4257 1322 4313 reddendum.

283 4380 286 4385 -
321 4343 398 4398 Item
417 4343 549 4409 firmarii,
568 4349 701 4414 tempore
720 4358 841 4397 suarum
859 4341 1020 4405 firmarum,
1033 4347 1151 4396 vastum
1169 4343 1217 4397 vel
1234 4342 1335 4398 vendi·

285 4426 394 4481 tionem
414 4426 464 4481 vel
482 4427 603 4481 exilium
620 4444 679 4481 non
697 4427 805 4481 faciant
823 4424 859 4479 de
877 4426 984 4491 boscis,
1005 4424 1149 4490 domibus,
1169 4425 1336 4482 hominibus

284 4527 338 4565 nec
356 4510 393 4565 de
411 4510 479 4565 aliis
497 4510 646 4581 aliquibus
665 4508 703 4564 ed
719 4514 887 4564 tenementa
906 4527 971 4579 ques
990 4509 1027 4564 ad
1045 4509 1159 4563 firmam
1181 4508 1338 4565 habuerint

284 4594 495 4665 spectantibus,
514 4594 573 4649 nisi
591 4592 750 4665 specialem
767 4592 894 4647 habeant
911 4592 1128 4648 concessionem
1146 4608 1199 4662 per
1212 4594 1336 4664 scriptu-

283 4696 347 4733 ram
375 4696 436 4733 auas
463 4677 674 4741 conventionis,
693 4678 872 4731 mentionem
896 4676 1031 4731 habentis
1060 4674 1139 4747 quod
1166 4676 1221 4729 hoc
1240 4677 1335 4732 facere

283 4763 406 4833 possint.
444 4762 484 4817 Et
502 4762 528 4817 si
547 4761 679 4825 fecerint,
700 4768 730 4815 et
756 4760 793 4814 de
814 4760 869 4814 hoc
887 4760 1107 4824 convincantur,
1128 4758 1233 4813 damna
1250 4760 1335 4830 plene

284 4844 450 4899 refundant.
