3609 5800
428 869 470 931 40
583 880 697 931 noran
718 880 791 930 ΛΝΒ
815 882 930 932 ornan
952 883 1160 934 ursrorucau
1181 884 1331 934 armans

262 1075 366 1125 cotheir
428 1054 600 1141 contingat
632 1057 778 1119 castrum
805 1053 845 1118 de
869 1052 1008 1119 Dissard
1030 1054 1084 1119 vel
1114 1055 1205 1121 aliud
1228 1056 1379 1138 obsideri,
1402 1079 1478 1123 con-

261 1144 394 1259 }ffffiu
428 1158 539 1222 silium
569 1157 726 1222 festinum
759 1157 793 1221 in
825 1155 919 1221 vobis
949 1178 1159 1244 apponemus,
1183 1159 1237 1223 vel
1266 1162 1479 1246 personaliter

261 1275 361 1325 receive
428 1261 471 1325 ad
494 1264 604 1348 partes
625 1258 700 1323 illas
714 1258 887 1335 veniendo,
902 1258 957 1323 vel
972 1258 1056 1324 tales
1071 1258 1112 1325 de
1132 1262 1343 1349 magnatibus
1358 1263 1479 1329 nostris

262 1342 357 1405 ¹¹²¹Pif
428 1363 471 1427 ad
494 1382 553 1426 vos
575 1360 748 1437 mittendo,
771 1383 830 1447 per
852 1382 935 1446 quos
958 1360 1076 1427 honori
1098 1368 1212 1429 nostro
1244 1370 1278 1429 et
1309 1365 1478 1432 securitati

264 1422 405 1473 mmm
428 1473 549 1535 vcstrae
564 1490 600 1533 ar
622 1520 969 1535 ............
992 1469 1229 1554 providebitur.
1260 1471 1393 1537 Erimus
1408 1473 1479 1558 qui-

430 1572 505 1636 dem
526 1570 668 1635 infesto
691 1570 925 1656 Apostolorum
949 1571 1041 1637 Petri
1063 1576 1098 1637 et
1113 1572 1208 1637 Pauli
1231 1574 1320 1660 apud
1342 1574 1480 1661 Geytin·

429 1678 501 1751 tun,
515 1671 574 1737 ubi
595 1671 691 1737 nobis
713 1676 884 1739 occurrent
907 1672 1046 1739 dilectus
1060 1678 1096 1739 et
1110 1674 1217 1740 fidelis
1237 1681 1350 1742 noster
1365 1677 1479 1743 Simon

430 1776 471 1840 de
487 1775 602 1839 Monte
617 1773 721 1853 Forti,
738 1778 772 1839 et
787 1775 922 1860 quidam
937 1774 996 1840 alii
1010 1775 1123 1842 fideles
1138 1778 1253 1860 nostri,
1270 1799 1346 1844 cum
1362 1780 1480 1865 quibus

430 1877 560 1964 plenius
582 1876 799 1942 tractabimus
821 1877 861 1942 de
884 1882 976 1943 statu
997 1879 1144 1965 partium
1158 1879 1298 1961 illarum,
1315 1887 1350 1947 et
1365 1881 1479 1948 habito

430 1999 543 2045 eorum
566 1979 701 2043 consilio
723 1979 818 2043 vobis
839 1980 1115 2065 respondebimus
1140 1980 1228 2067 quod
1250 1983 1321 2047 sine
1343 1982 1424 2069 ipsis
1437 1986 1481 2049 ad

430 2100 572 2167 praesens
594 2078 700 2145 facere
722 2100 790 2144 non
811 2080 988 2166 potuimus.
1035 2082 1104 2147 Vos
1125 2083 1229 2169 igitur
1250 2084 1287 2149 iu
1317 2085 1384 2151 fide
1416 2109 1481 2172 qua

430 2182 526 2247 nobis
547 2181 708 2247 tenemini
731 2181 776 2246 sic
799 2182 943 2247 viriliter
957 2204 1016 2248 vos
1037 2184 1169 2271 geratis,
1186 2185 1336 2252 inimicos
1351 2192 1482 2254 nostros

431 2288 593 2370 quantum
631 2284 783 2370 poteritis
826 2285 1006 2371 gravando,
1045 2286 1135 2371 quod
1178 2287 1326 2373 probitas
1371 2296 1481 2357 vestra

431 2386 536 2473 magis
566 2408 604 2449 ac
637 2386 741 2473 magis
763 2386 842 2451 inde
875 2387 980 2474 possit
1013 2390 1242 2454 commendari.
1299 2392 1396 2457 Teste
1428 2415 1481 2458 me

430 2489 502 2577 ipso
524 2489 612 2573 apud
636 2488 848 2565 Huntindun‚
871 2490 1026 2555 vicesimo
1048 2495 1166 2556 octavo
1189 2490 1243 2556 dic
1265 2492 1368 2558 Junii.

476 2588 649 2657 Iadorscd.
696 2591 833 2657 Summa
856 2613 968 2657 mcccc.
992 2596 1026 2657 et
1048 2593 1123 2657 uli
1147 2594 1239 2679 xviij.
1249 2616 1272 2658 s,
1295 2594 1328 2681 ij.
1338 2597 1368 2661 d.

908 2849 1072 2858 -.--——---...
1081 2853 1100 2857 -
1124 2854 1129 2857 .

858 3027 1070 3095 COOCXLV.

545 3187 837 3270 Parmensis,
861 3187 992 3254 Muros
1013 3209 1058 3256 or
1081 3193 1310 3278 Bounnmuu
1334 3215 1377 3264 ro

849 3290 979 3357 Humi
1002 3291 1069 3358 III.

776 3423 872 3490 (Royal
883 3424 989 3490 Lettera
1000 3425 1050 3480 No.
1064 3431 1134 3494 979.)

478 3547 692 3614 Serenissimo
730 3551 864 3617 domino
901 3576 961 3618 suo
993 3555 1147 3636 Hemico
1180 3559 1243 3625 Dei
1273 3564 1383 3648 gratia
1412 3569 1481 3652 regi

434 3651 574 3737 Angliae,
598 3652 730 3716 domino
755 3653 946 3740 Hyberniae,
971 3657 1046 3722 duci
1076 3659 1291 3730 Normanniae
1320 3671 1355 3731 ct
1377 3667 1484 3754 Aqui-

434 3753 545 3832 taniae,
584 3757 617 3816 et
651 3754 764 3817 comiti
797 3755 1010 3842 Andegaviae,
1056 3760 1174 3826 Petrus
1206 3765 1340 3849 Calbau,
1379 3771 1484 3855 major

436 3853 694 3942 Bmdegalensis,
718 3857 859 3922 salutem
882 3867 916 3924 et
938 3867 1106 3948 perpetua
1128 3865 1299 3935 fidelitatis
1314 3871 1483 3939 vinculum

435 3979 508 4022 cum
531 3977 649 4022 amore.

269 4073 390 4124 lbelieve
480 4058 536 4124 Ad
558 4064 679 4125 vestrae
702 4060 800 4146 rogiae
824 4062 1006 4148 majestatis
1037 4067 1191 4133 notitiam
1225 4074 1377 4141 volumus
1409 4100 1482 4164 per-

269 4142 366 4258 ssssigp
436 4161 548 4226 venue
571 4162 660 4246 quos
682 4160 803 4226 nouus
825 4163 878 4227 vir
901 4165 1061 4246 orvans,
1084 4169 1237 4238 <lominus
1259 4175 1300 4241 a
1323 4177 1482 4261 cusiaco,

270 4274 380 4334 chalcis,
391 4281 417 4324 to
436 4268 535 4350 prout
557 4262 782 4327 intelleximus
805 4269 840 4328 et
855 4266 920 4330 dici
935 4268 1131 4350 audivimus,
1146 4273 1183 4339 in
1198 4278 1318 4343 nostris
1332 4283 1484 4366 partibus

270 4343 407 4470 ffilssffl
436 4365 580 4431 fideliter
602 4387 636 4430 se
658 4365 777 4431 habuit
799 4389 877 4454 erga
898 4390 958 4434 vos
980 4375 1015 4435 et
1037 4379 1181 4441 vestram
1212 4379 1337 4466 regiam
1367 4384 1484 4469 majes-

270 4489 329 4541 yoa
437 4473 551 4534 tatem.
598 4468 756 4549 Quocirca
778 4476 897 4536 vestra
926 4474 1145 4559 supplicamus
1175 4482 1274 4566 regiae
1307 4483 1483 4570 majestati,

438 4575 600 4656 quatenus
623 4591 700 4656 erga
722 4571 829 4657 ipsum
851 4593 911 4637 vos
933 4573 1082 4647 babeatis
1103 4587 1202 4665 prout
1233 4584 1328 4651 vobis
1349 4595 1484 4657 vestrae-

438 4695 502 4759 que
537 4671 755 4738 dominationi
793 4674 963 4742 videbitur
1000 4683 1160 4766 expedire.
1222 4686 1341 4753 Valeat
1372 4697 1483 4759 vestra

440 4776 592 4861 majestas
614 4775 704 4864 regia
726 4777 761 4841 in
784 4779 941 4864 praescnti
961 4782 1080 4847 saeculo
1102 4790 1137 4850 et
1159 4786 1278 4855 futuro,
