3609 5800
442 886 688 941 ILLUSTRATIVE
710 886 755 937 OF
776 886 847 937 THE
870 886 977 939 ltlthN
999 888 1044 937 OF
1066 888 1187 941 nmini
1211 892 1261 944 111.
1330 880 1371 941 31

328 1068 512 1135 invocando
549 1064 703 1146 seculare,
742 1068 782 1131 ut
812 1062 858 1129 aio
891 1064 993 1130 toedio
1026 1066 1136 1132 affeoti
1173 1089 1233 1155 per
1269 1070 1379 1157 ipeum

327 1172 392 1238 ribi
412 1172 592 1237 faceramus
615 1166 851 1253 subjectionem
874 1170 910 1231 et
931 1168 1162 1249 reverentiam,
1184 1171 1221 1236 in
1236 1170 1378 1257 magnae¹

329 1276 445 1342 domus
476 1278 599 1341 noetrae
638 1270 726 1355 quod
757 1270 852 1337 fieret
885 1269 1093 1357 dispendium
1127 1278 1162 1339 et
1192 1296 1380 1361 gravamen.

330 1378 414 1445 Cum
436 1377 540 1463 igitur
563 1396 660 1461 super
682 1372 743 1439 hoe
764 1372 893 1437 nullum
916 1372 1013 1437 nobie
1046 1376 1154 1442 eubeit
1176 1377 1379 1464 suffragium,

327 1482 392 1546 nisi
425 1478 636 1567 poterim[ue]
674 1476 778 1541 nostri
810 1474 950 1541 illustria
986 1476 1074 1563 regie
1108 1478 1248 1567 Angliae,
1286 1480 1381 1566 eujus

326 1580 542 1667 eleemosynis
556 1578 704 1666 quotidie
719 1599 831 1643 eumue
846 1577 969 1657 refecti,
983 1578 1178 1646 beneficium
1193 1582 1379 1668 implorare,

327 1686 421 1753 vobis
460 1682 634 1749 humiliter
672 1682 895 1769 supplicamus
933 1686 968 1747 et
1005 1680 1134 1762 devote,
1166 1685 1232 1769 qni,
1267 1706 1306 1750 eo
1343 1686 1380 1749 in

326 1786 556 1863 transmarinis
592 1784 744 1871 partibus
776 1782 925 1869 degente,
958 1790 1153 1871 cooperante
1187 1786 1259 1852 Deo
1292 1788 1380 1853 vices

327 1891 398 1978 ajua
428 1888 553 1977 geritis,
583 1892 757 1973 quatenus,
793 1886 916 1951 divinae
948 1886 1084 1974 pietatis
1117 1888 1255 1971 intuitu,
1291 1890 1380 1956 dioto

326 1992 554 2059 arobidiaoono
588 1990 738 2055 inhibere
770 1988 892 2071 velitis,
925 2012 967 2055 ne
1002 1990 1082 2055 dum
1114 1998 1212 2057 extra
1241 2014 1378 2079 regnum

327 2094 481 2161 dominus
504 2096 617 2159 noster
638 2114 699 2157 rex
722 2090 853 2177 Angliae
876 2095 912 2157 et
934 2098 1095 2179 patronus
1118 2094 1237 2161 domna
1258 2100 1381 2161 noetrae

327 2220 453 2264 moram
468 2196 569 2261 faeiat
591 2216 651 2261 noe
673 2192 813 2259 ulterius
835 2194 1010 2261 molestare
1032 2202 1219 2282 praeeumet,
1235 2204 1270 2264 et
1292 2198 1379 2284 quod

327 2298 514 2367 vicecomiti
547 2296 784 2371 Middelsexiae,
824 2296 852 2361 si
890 2296 1007 2383 placet,
1030 2298 1171 2364 seribere
1194 2300 1314 2378 velitis,
1337 2322 1381 2364 ne

327 2404 524 2469 mandatum
569 2401 707 2487 regium,
749 2398 839 2485 quod
871 2398 944 2483 jam
982 2399 1093 2465 dietus
1130 2400 1380 2468 archidiaoonue

328 2502 555 2569 Middeleaxiaa
570 2501 765 2587 impetravit
780 2506 896 2567 eontra
918 2523 986 2580 noe,
1004 2502 1217 2589 aliquatenus
1240 2526 1381 2589 exequa-

326 2614 392 2685 tur,
427 2626 468 2669 ne
502 2604 557 2681 sie,
593 2602 681 2669 dioto
713 2601 945 2669 archidiacono
982 2602 1210 2691 impugnante,
1244 2603 1381 2691 leprosae

326 2708 439 2774 morbo
462 2706 675 2793 opprimente,
692 2705 805 2793 inopia
826 2710 942 2771 nostra
965 2707 1229 2793 superveniente,
1245 2707 1381 2772 domum

326 2815 473 2876 nostram
496 2808 680 2895 relinquere
713 2807 955 2895 compellamur,
979 2832 1061 2889 eum,
1085 2816 1220 2897 propter
1241 2810 1381 2875 fratrum

327 2919 362 2980 et
384 2935 531 2979 sororum
553 2911 813 2990 multitudinem,
829 2912 872 2978 ad
894 2912 1094 3001 litigandum
1118 2919 1233 2980 eontra
1255 2915 1381 2980 dictum

325 3015 590 3083 arohidiaoonum
612 3019 735 3081 nostrae
757 3037 825 3082 non
840 3021 1020 3102 suppetant
1033 3016 1216 3085 facultates.
1261 3017 1382 3083 Valeat

327 3119 524 3189 axoellentia
546 3122 658 3184 vestra
680 3139 808 3206 semper
830 3117 864 3184 in
890 3119 1042 3186 Domino.

729 3507 1024 3578 CCCCXXXVII.

326 3669 404 3734 Tun
439 3667 641 3736 Paucuema
675 3683 719 3732 or
751 3683 821 3734 rua
855 3667 996 3733 Tamna
1029 3683 1067 3731 m
1099 3666 1301 3744 Aeorrerun
1338 3683 1381 3729 ro

739 3769 870 3834 Hunni
894 3769 965 3835 III.

675 3891 771 3958 (Royal
783 3892 888 3954 Lettere,
899 3892 950 3944 No.
963 3895 1034 3960 932.)

371 4005 655 4072 Excellentissimo
669 4007 743 4072 viro
760 4006 914 4085 Henrioo,
931 4007 996 4072 Dei
1017 4007 1127 4094 gretia
1148 4007 1217 4094 rogi
1240 4006 1380 4091 Anglire,
1393 4039 1482 4090 About

323 4111 427 4175 frater
449 4108 606 4174 Warinua
641 4109 680 4174 de
704 4109 861 4188 Soneriia,
884 4111 1056 4176 domorum
1090 4109 1221 4175 militina
1251 4107 1379 4194 Templi
1396 4109 1498 4156 ΜΨ

329 4285 368 4292 -ιω
705 4287 742 4292 ..--
811 4285 845 4292 a--
862 4286 1017 4294 --—-..-.
1052 4285 1203 4296 -..--..---

360 4371 490 4438 'maproe]
509 4372 544 4424 So
566 4373 631 4435 MS,
650 4375 772 4440 probably
794 4389 826 4425 an
878 4372 1314 4438 ohalaieinthoweetofPerigord3
1332 4373 1382 4422 and

323 4453 572 4518 errorformapnum.
877 4455 921 4506 the
948 4468 1009 4517 war,
1029 4454 1074 4504 the
1101 4454 1233 4520 rampeign
1257 4453 1287 4502 ol
1310 4457 1381 4510 1242,

356 4533 367 4562 ²
385 4530 440 4581 The
451 4532 508 4581 date
518 4531 549 4581 of
559 4531 611 4581 this
627 4532 700 4584 letter
711 4533 785 4583 could
796 4535 827 4584 be
876 4533 951 4583 when
968 4533 1024 4583 that
1034 4532 1135 4584 district
1145 4547 1198 4582 rrae
1214 4533 1306 4581 almost
1326 4545 1381 4579 oer-

320 4609 524 4676 approximately
541 4611 637 4672 settled,
654 4611 732 4662 ilua
752 4613 827 4664 could
878 4614 932 4664 min
943 4613 1043 4662 tobave
1053 4612 1170 4663 suffered.
1204 4612 1229 4661 It
1246 4611 1268 4660 ie
1284 4609 1383 4674 singled

322 4693 426 4742 berure
442 4689 511 4740 ubet
527 4690 549 4741 ie
566 4697 651 4740 meant
666 4691 701 4756 by
714 4695 828 4758 “guerra
879 4701 924 4741 out
951 4691 1011 4742 hero
1043 4691 1166 4756 probably
1200 4690 1306 4740 became
1340 4688 1383 4737 the

319 4775 337 4800 “
355 4770 385 4818 in
412 4769 524 4832 partibus
556 4771 587 4820 da
610 4769 727 4821 crates?
772 4771 828 4821 The
879 4771 1010 4835 Templara
1022 4771 1072 4822 bad
1083 4776 1201 4836 property
1211 4771 1290 4821 there.

320 4847 448 4900 diatrietl
464 4850 619 4902 understand
637 4857 664 4900 to
682 4851 715 4902 be
730 4849 828 4903 Boebe-
