3609 5800
432 876 497 946 378
576 847 580 854 ⁴
843 887 1023 940 lrunuurx
1049 889 1069 940 1.

430 1059 509 1128 quod
526 1060 714 1132 moritegium
735 1061 810 1116 illud
836 1063 947 1118 foetum
972 1063 1069 1118 fueret
1096 1062 1175 1120 inter
1200 1079 1250 1119 eos
1277 1063 1356 1134 opud
1375 1062 1407 1119 S.
1426 1060 1484 1118 Ed-

429 1143 581 1210 mundum,
602 1144 673 1200 dum
690 1144 770 1201 idem
788 1163 884 1202 comes
904 1147 1042 1204 obsessus
1060 1147 1118 1202 fuit
1135 1147 1214 1219 apud
1231 1148 1356 1204 Merton.

465 1228 668 1300 Interrogatus
706 1229 831 1301 qualiter
868 1231 1015 1288 intellexit
1050 1238 1266 1288 odoramentum
1295 1231 1380 1295 illud,
1412 1229 1486 1286 dicit

430 1312 509 1383 quod
535 1311 668 1369 dominus
696 1331 748 1368 rex
777 1314 820 1370 ite
847 1315 993 1372 intellexit
1020 1315 1099 1387 quod
1128 1316 1262 1388 quietum
1286 1315 1428 1371 olemaret
1457 1314 1485 1368 ei

430 1397 620 1468 marilegium
646 1398 732 1464 illud,
760 1405 790 1456 et
815 1399 878 1471 ipse
910 1400 1049 1457 similiter
1078 1401 1122 1458 ite
1145 1400 1299 1456 intellexit.
1344 1400 1384 1455 Et
1413 1397 1487 1454 dicit

430 1480 507 1549 quod
524 1481 557 1536 in
574 1481 668 1538 forme
686 1482 766 1554 peoie
785 1483 869 1539 feotae
888 1484 966 1540 inter
992 1502 1042 1541 eos
1059 1484 1141 1540 nulle
1159 1487 1237 1540 seete
1254 1485 1313 1540 fuit
1336 1484 1415 1538 inter
1432 1499 1484 1536 eos

430 1565 581 1620 conventio
611 1565 647 1621 de
675 1565 823 1637 aliquibus
848 1569 938 1623 terrie
968 1568 1026 1625 niei
1052 1569 1088 1624 de
1112 1569 1282 1640 justitiario
1308 1573 1424 1624 tuntum
1454 1571 1485 1620 et

430 1649 644 1705 constabulario
668 1651 757 1706 caetui
776 1651 923 1719 Dovoriae,
944 1671 1010 1724 quae
1035 1654 1139 1708 hebuit
1164 1653 1202 1708 nd
1218 1654 1312 1710 ritem
1338 1669 1431 1715 suem,
1454 1654 1485 1704 et

430 1751 495 1805 quae
522 1739 623 1806 posteo
646 1735 762 1791 remisit
791 1735 910 1791 domino
936 1737 1011 1807 regi.
1050 1737 1090 1793 Et
1119 1737 1254 1793 dominun
1284 1754 1337 1792 rex
1362 1736 1400 1790 od
1428 1734 1484 1789 hoo

428 1818 580 1890 respondit
609 1819 687 1890 quod
714 1821 867 1875 conventio
891 1821 949 1876 fuit
975 1822 1053 1876 inter
1078 1837 1128 1877 eos
1155 1821 1192 1876 de
1217 1821 1306 1878 terrie
1331 1819 1364 1874 in
1388 1819 1484 1873 forme

428 1902 519 1972 peoie,
540 1908 571 1958 et
587 1902 655 1957 inde
674 1903 801 1959 ostendit
817 1905 950 1961 rotulum
968 1904 1168 1971 Oenoellnriae,
1188 1906 1220 1960 in
1241 1923 1300 1976 quo
1318 1904 1483 1960 continetur

430 1986 523 2040 forme
540 1985 694 2058 eujusdam
712 1993 800 2043 ourtae
819 1989 903 2044 fuotoe
923 1989 980 2061 ipsi
999 1991 1108 2045 comiti.
1153 1990 1202 2045 Ad
1227 1988 1305 2061 quod
1323 2004 1419 2043 oomee
1437 2003 1483 2045 10-

430 2068 553 2139 epondet
580 2069 658 2142 quod
685 2076 766 2127 certe
787 2071 840 2126 iile
865 2073 923 2128 fuit
950 2073 977 2127 ei
1004 2073 1178 2129 transmissu
1202 2089 1255 2145 per
1273 2076 1483 2144 praecentorem

429 2152 621 2219 Herefordiae,
654 2154 706 2210 sed
731 2154 826 2212 noluit
852 2155 935 2212 illum
965 2157 1106 2230 recipere.
1152 2158 1193 2214 Et
1222 2174 1319 2214 eomes
1344 2154 1482 2214 similiter

430 2237 580 2308 eognoeoit
592 2238 671 2309 quod
689 2237 823 2295 dominus
842 2257 894 2294 rex
906 2241 934 2294 ei
952 2240 1027 2296 dixit
1046 2242 1160 2312 quando
1179 2242 1250 2297 feeit
1268 2245 1482 2296 sacromentum

430 2339 516 2377 euum
535 2321 613 2393 quod
630 2340 687 2378 non
711 2322 832 2379 heberet
856 2324 984 2395 gretiam
1010 2344 1094 2381 suem
1118 2326 1178 2382 nisi
1195 2325 1370 2397 praedictum
1388 2341 1482 2379 eoene-

429 2412 560 2462 mentum
575 2407 698 2478 juraret.
737 2407 809 2464 Post
826 2409 908 2464 venit
931 2427 1029 2464 oomee
1057 2417 1088 2464 et
1113 2411 1200 2482 petiit
1225 2410 1317 2465 elium
1339 2409 1419 2464 diem
1444 2405 1483 2462 od

429 2491 647 2548 oertifloendnm
666 2509 698 2548 ee
715 2492 841 2564 plenius,
862 2499 896 2549 ut
921 2493 959 2549 ed
977 2494 1056 2549 diem
1062 2485 1157 2549 'illem
1174 2494 1275 2550 veniet
1291 2499 1321 2549 et
1338 2493 1483 2548 deliberet

428 2576 618 2648 marilegium
645 2577 721 2632 illud
747 2577 773 2633 ei
798 2579 908 2649 poterit
932 2578 1056 2650 precise,
1077 2585 1107 2634 et
1131 2579 1158 2635 ei
1183 2597 1241 2635 non
1258 2577 1376 2651 poterit,
1403 2575 1482 2648 quod

429 2659 484 2715 hoo
518 2661 684 2716 ernendebit
720 2662 881 2717 eeoundum
912 2663 1175 2719 considerationem
1205 2663 1320 2735 perium
1349 2679 1479 2718 enorum.

429 2743 500 2799 Dies
526 2744 611 2800 dutus
630 2751 675 2800 ert
700 2745 728 2799 ei
754 2745 832 2817 epud
850 2747 1030 2802 Londoniem
1057 2748 1089 2801 in
1115 2748 1226 2802 ootebis
1246 2747 1277 2802 S.
1298 2745 1430 2809 Hillerii,
1451 2750 1481 2800 et

429 2845 524 2884 comeo
544 2829 677 2886 ooneedit
695 2830 773 2902 quod
791 2831 963 2888 ulteriorem
979 2849 1038 2886 non
1056 2837 1169 2903 quaeret
1185 2831 1364 2887 diletionem.
