<?xml version="1.0" encoding="UTF-8"?>
<!DOCTYPE html PUBLIC "-//W3C//DTD XHTML 1.0 Transitional//EN"
    "http://www.w3.org/TR/xhtml1/DTD/xhtml1-transitional.dtd">
<html xmlns="http://www.w3.org/1999/xhtml" xml:lang="en" lang="en">
 <head>
  <title>
</title>
<meta http-equiv="Content-Type" content="text/html;charset=utf-8" />
  <meta name='ocr-system' content='tesseract 3.04.00' />
  <meta name='ocr-capabilities' content='ocr_page ocr_carea ocr_par ocr_line ocrx_word'/>
</head>
<body>
  <div class='ocr_page' id='page_1' title='image "./royalandotherhi00shirgoog_0184.png"; bbox 0 0 3609 5800; ppageno 0'>
   <div class='ocr_carea' id='block_1_1' title="bbox 415 871 1353 936">
    <p class='ocr_par' dir='ltr' id='par_1_1' title="bbox 415 871 1353 936">
     <span class='ocr_line' id='line_1_1' title="bbox 415 871 1353 936; baseline 0.004 -5"><span class='ocrx_word' id='word_1_1' title='bbox 415 879 665 932; x_wconf 64' lang='lat' dir='ltr'>nansi-namus</span> <span class='ocrx_word' id='word_1_2' title='bbox 688 883 732 930; x_wconf 81' lang='lat' dir='ltr'>os</span> <span class='ocrx_word' id='word_1_3' title='bbox 754 882 824 930; x_wconf 82' lang='lat' dir='ltr'>run</span> <span class='ocrx_word' id='word_1_4' title='bbox 847 883 957 932; x_wconf 74' lang='lat' dir='ltr'>aaron</span> <span class='ocrx_word' id='word_1_5' title='bbox 980 883 1023 930; x_wconf 84' lang='lat' dir='ltr'>or</span> <span class='ocrx_word' id='word_1_6' title='bbox 1047 881 1169 932; x_wconf 78' lang='lat' dir='ltr'>aaran</span> <span class='ocrx_word' id='word_1_7' title='bbox 1191 881 1240 931; x_wconf 88' lang='lat' dir='ltr'>ru.</span> <span class='ocrx_word' id='word_1_8' title='bbox 1291 871 1353 936; x_wconf 81' lang='lat'>113</span> 
     </span>
    </p>
   </div>
   <div class='ocr_carea' id='block_1_2' title="bbox 300 1058 1502 4307">
    <p class='ocr_par' dir='ltr' id='par_1_2' title="bbox 301 1058 1356 2580">
     <span class='ocr_line' id='line_1_2' title="bbox 301 1058 1354 1146; baseline 0.001 -23"><span class='ocrx_word' id='word_1_9' title='bbox 301 1059 375 1123; x_wconf 91' lang='lat' dir='ltr'>illos</span> <span class='ocrx_word' id='word_1_10' title='bbox 397 1069 456 1125; x_wconf 81' lang='lat' dir='ltr'>sen</span> <span class='ocrx_word' id='word_1_11' title='bbox 477 1079 591 1138; x_wconf 89' lang='lat' dir='ltr'>annos,</span> <span class='ocrx_word' id='word_1_12' title='bbox 615 1058 735 1144; x_wconf 90' lang='lat' dir='ltr'>quibus</span> <span class='ocrx_word' id='word_1_13' title='bbox 763 1059 849 1124; x_wconf 89' lang='lat' dir='ltr'>circa</span> <span class='ocrx_word' id='word_1_14' title='bbox 877 1059 1003 1125; x_wconf 88' lang='lat' dir='ltr'>factum</span> <span class='ocrx_word' id='word_1_15' title='bbox 1026 1059 1156 1146; x_wconf 85' lang='lat' dir='ltr'>Apuliae</span> <span class='ocrx_word' id='word_1_16' title='bbox 1183 1059 1354 1126; x_wconf 72' lang='lat' dir='ltr'>intendere</span> 
     </span>
     <span class='ocr_line' id='line_1_3' title="bbox 302 1161 1354 1250; baseline 0.004 -25"><span class='ocrx_word' id='word_1_17' title='bbox 302 1183 363 1226; x_wconf 89' lang='lat' dir='ltr'>nos</span> <span class='ocrx_word' id='word_1_18' title='bbox 378 1165 518 1248; x_wconf 90' lang='lat' dir='ltr'>oportet,</span> <span class='ocrx_word' id='word_1_19' title='bbox 533 1164 621 1227; x_wconf 86' lang='lat' dir='ltr'>sicut</span> <span class='ocrx_word' id='word_1_20' title='bbox 642 1161 731 1226; x_wconf 91' lang='lat' dir='ltr'>idem</span> <span class='ocrx_word' id='word_1_21' title='bbox 752 1183 812 1226; x_wconf 87' lang='lat' dir='ltr'>rex</span> <span class='ocrx_word' id='word_1_22' title='bbox 825 1161 998 1228; x_wconf 87' lang='lat' dir='ltr'>nobishoc</span> <span class='ocrx_word' id='word_1_23' title='bbox 1019 1163 1140 1228; x_wconf 79' lang='lat' dir='ltr'><strong>annuit</strong></span> <span class='ocrx_word' id='word_1_24' title='bbox 1163 1163 1214 1228; x_wconf 91' lang='lat' dir='ltr'>sui</span> <span class='ocrx_word' id='word_1_25' title='bbox 1236 1163 1354 1250; x_wconf 86' lang='lat' dir='ltr'>gratia,</span> 
     </span>
     <span class='ocr_line' id='line_1_4' title="bbox 301 1263 1354 1350; baseline 0.001 -23"><span class='ocrx_word' id='word_1_26' title='bbox 301 1269 437 1349; x_wconf 87' lang='lat' dir='ltr'>propter</span> <span class='ocrx_word' id='word_1_27' title='bbox 469 1264 629 1329; x_wconf 89' lang='lat' dir='ltr'>honorem</span> <span class='ocrx_word' id='word_1_28' title='bbox 658 1267 808 1328; x_wconf 87' lang='lat' dir='ltr'>nostrum</span> <span class='ocrx_word' id='word_1_29' title='bbox 831 1268 866 1329; x_wconf 85' lang='lat' dir='ltr'>et</span> <span class='ocrx_word' id='word_1_30' title='bbox 895 1264 1136 1350; x_wconf 73' lang='lat' dir='ltr'>promotionem</span> <span class='ocrx_word' id='word_1_31' title='bbox 1167 1263 1227 1330; x_wconf 89' lang='lat' dir='ltr'>lilii</span> <span class='ocrx_word' id='word_1_32' title='bbox 1249 1265 1354 1331; x_wconf 88' lang='lat' dir='ltr'>nostri</span> 
     </span>
     <span class='ocr_line' id='line_1_5' title="bbox 302 1364 1355 1453; baseline 0.002 -23"><span class='ocrx_word' id='word_1_33' title='bbox 302 1366 535 1453; x_wconf 81' lang='lat' dir='ltr'>consanguinei</span> <span class='ocrx_word' id='word_1_34' title='bbox 557 1365 617 1432; x_wconf 90' lang='lat' dir='ltr'>sui.</span> <span class='ocrx_word' id='word_1_35' title='bbox 657 1365 753 1446; x_wconf 80' lang='lat' dir='ltr'>Quod</span> <span class='ocrx_word' id='word_1_36' title='bbox 775 1365 804 1430; x_wconf 89' lang='lat' dir='ltr'>si</span> <span class='ocrx_word' id='word_1_37' title='bbox 826 1364 912 1431; x_wconf 83' lang='lat' dir='ltr'>forte</span> <span class='ocrx_word' id='word_1_38' title='bbox 927 1366 1062 1452; x_wconf 89' lang='lat' dir='ltr'>objiciat</span> <span class='ocrx_word' id='word_1_39' title='bbox 1084 1368 1205 1433; x_wconf 83' lang='lat' dir='ltr'>nostris</span> <span class='ocrx_word' id='word_1_40' title='bbox 1228 1369 1355 1433; x_wconf 89' lang='lat' dir='ltr'>nuntiis</span> 
     </span>
     <span class='ocr_line' id='line_1_6' title="bbox 303 1467 1356 1555; baseline 0.003 -24"><span class='ocrx_word' id='word_1_41' title='bbox 303 1468 391 1553; x_wconf 88' lang='lat' dir='ltr'>quod</span> <span class='ocrx_word' id='word_1_42' title='bbox 408 1469 481 1555; x_wconf 89' lang='lat' dir='ltr'>jam</span> <span class='ocrx_word' id='word_1_43' title='bbox 503 1475 621 1535; x_wconf 83' lang='lat' dir='ltr'>votum</span> <span class='ocrx_word' id='word_1_44' title='bbox 651 1472 803 1534; x_wconf 86' lang='lat' dir='ltr'>nostrum</span> <span class='ocrx_word' id='word_1_45' title='bbox 832 1467 869 1532; x_wconf 92' lang='lat' dir='ltr'>in</span> <span class='ocrx_word' id='word_1_46' title='bbox 898 1467 1023 1534; x_wconf 82' lang='lat' dir='ltr'>factum</span> <span class='ocrx_word' id='word_1_47' title='bbox 1050 1469 1182 1554; x_wconf 72' lang='lat' dir='ltr'>Apulis</span> <span class='ocrx_word' id='word_1_48' title='bbox 1212 1490 1356 1536; x_wconf 89' lang='lat' dir='ltr'>commu·</span> 
     </span>
     <span class='ocr_line' id='line_1_7' title="bbox 301 1569 1354 1658; baseline 0.003 -24"><span class='ocrx_word' id='word_1_49' title='bbox 301 1570 448 1635; x_wconf 72' lang='lat' dir='ltr'>’cavimus</span> <span class='ocrx_word' id='word_1_50' title='bbox 477 1576 612 1658; x_wconf 85' lang='lat' dir='ltr'>propter</span> <span class='ocrx_word' id='word_1_51' title='bbox 641 1569 849 1636; x_wconf 89' lang='lat' dir='ltr'>commodum</span> <span class='ocrx_word' id='word_1_52' title='bbox 878 1575 1037 1648; x_wconf 85' lang='lat' dir='ltr'>nostrum,</span> <span class='ocrx_word' id='word_1_53' title='bbox 1059 1592 1127 1636; x_wconf 91' lang='lat' dir='ltr'>non</span> <span class='ocrx_word' id='word_1_54' title='bbox 1150 1572 1354 1638; x_wconf 86' lang='lat' dir='ltr'>observando</span> 
     </span>
     <span class='ocr_line' id='line_1_8' title="bbox 302 1673 1354 1760; baseline 0.005 -25"><span class='ocrx_word' id='word_1_55' title='bbox 302 1693 360 1758; x_wconf 91' lang='lat' dir='ltr'>per</span> <span class='ocrx_word' id='word_1_56' title='bbox 381 1673 442 1738; x_wconf 89' lang='lat' dir='ltr'>hoo</span> <span class='ocrx_word' id='word_1_57' title='bbox 464 1673 551 1760; x_wconf 92' lang='lat' dir='ltr'>quod</span> <span class='ocrx_word' id='word_1_58' title='bbox 578 1673 667 1738; x_wconf 90' lang='lat' dir='ltr'>inter</span> <span class='ocrx_word' id='word_1_59' title='bbox 689 1673 798 1759; x_wconf 92' lang='lat' dir='ltr'>ipsum</span> <span class='ocrx_word' id='word_1_60' title='bbox 822 1694 933 1758; x_wconf 85' lang='lat' dir='ltr'>regem</span> <span class='ocrx_word' id='word_1_61' title='bbox 953 1678 988 1738; x_wconf 89' lang='lat' dir='ltr'>et</span> <span class='ocrx_word' id='word_1_62' title='bbox 1011 1694 1072 1738; x_wconf 91' lang='lat' dir='ltr'>nos</span> <span class='ocrx_word' id='word_1_63' title='bbox 1092 1673 1278 1740; x_wconf 85' lang='lat' dir='ltr'>condictum</span> <span class='ocrx_word' id='word_1_64' title='bbox 1294 1679 1354 1756; x_wconf 87' lang='lat' dir='ltr'>est,</span> 
     </span>
     <span class='ocr_line' id='line_1_9' title="bbox 301 1773 1351 1864; baseline 0.002 -26"><span class='ocrx_word' id='word_1_65' title='bbox 301 1776 496 1862; x_wconf 77' lang='lat' dir='ltr'>respondere</span> <span class='ocrx_word' id='word_1_66' title='bbox 525 1780 665 1864; x_wconf 88' lang='lat' dir='ltr'>possunt</span> <span class='ocrx_word' id='word_1_67' title='bbox 694 1775 739 1840; x_wconf 89' lang='lat' dir='ltr'>ad</span> <span class='ocrx_word' id='word_1_68' title='bbox 767 1775 829 1841; x_wconf 93' lang='lat' dir='ltr'>hoc</span> <span class='ocrx_word' id='word_1_69' title='bbox 861 1773 963 1840; x_wconf 92' lang='lat' dir='ltr'>iidem</span> <span class='ocrx_word' id='word_1_70' title='bbox 993 1775 1107 1842; x_wconf 89' lang='lat' dir='ltr'>nuntii</span> <span class='ocrx_word' id='word_1_71' title='bbox 1144 1779 1179 1841; x_wconf 89' lang='lat' dir='ltr'>et</span> <span class='ocrx_word' id='word_1_72' title='bbox 1213 1775 1351 1842; x_wconf 84' lang='lat' dir='ltr'>firmiter</span> 
     </span>
     <span class='ocr_line' id='line_1_10' title="bbox 301 1875 1355 1966; baseline 0.001 -23"><span class='ocrx_word' id='word_1_73' title='bbox 301 1898 442 1944; x_wconf 83' lang='lat' dir='ltr'>asserere</span> <span class='ocrx_word' id='word_1_74' title='bbox 473 1879 571 1966; x_wconf 90' lang='lat' dir='ltr'>quod,</span> <span class='ocrx_word' id='word_1_75' title='bbox 606 1876 684 1943; x_wconf 85' lang='lat' dir='ltr'>licet</span> <span class='ocrx_word' id='word_1_76' title='bbox 715 1899 774 1964; x_wconf 93' lang='lat' dir='ltr'>per</span> <span class='ocrx_word' id='word_1_77' title='bbox 797 1875 1059 1942; x_wconf 88' lang='lat' dir='ltr'>Bononiensem¹</span> <span class='ocrx_word' id='word_1_78' title='bbox 1085 1879 1271 1966; x_wconf 86' lang='lat' dir='ltr'>episcopum</span> <span class='ocrx_word' id='word_1_79' title='bbox 1294 1901 1355 1966; x_wconf 87' lang='lat' dir='ltr'>pro</span> 
     </span>
     <span class='ocr_line' id='line_1_11' title="bbox 302 1979 1354 2067; baseline 0.001 -22"><span class='ocrx_word' id='word_1_80' title='bbox 302 1980 558 2046; x_wconf 89' lang='lat' dir='ltr'>commutatione</span> <span class='ocrx_word' id='word_1_81' title='bbox 580 1981 651 2046; x_wconf 88' lang='lat' dir='ltr'>voti</span> <span class='ocrx_word' id='word_1_82' title='bbox 674 1979 781 2046; x_wconf 90' lang='lat' dir='ltr'>nostri</span> <span class='ocrx_word' id='word_1_83' title='bbox 811 1979 848 2042; x_wconf 94' lang='lat' dir='ltr'>in</span> <span class='ocrx_word' id='word_1_84' title='bbox 877 1979 1001 2046; x_wconf 80' lang='lat' dir='ltr'>iactum</span> <span class='ocrx_word' id='word_1_85' title='bbox 1031 1980 1163 2067; x_wconf 79' lang='lat' dir='ltr'>Apuliae</span> <span class='ocrx_word' id='word_1_86' title='bbox 1195 1981 1354 2048; x_wconf 85' lang='lat' dir='ltr'>fuerimus</span> 
     </span>
     <span class='ocr_line' id='line_1_12' title="bbox 301 2071 1353 2170; baseline 0.006 -26"><span class='ocrx_word' id='word_1_87' title='bbox 301 2071 513 2170; x_wconf 78' lang='lat' dir='ltr'>interpellati,</span> <span class='ocrx_word' id='word_1_88' title='bbox 550 2081 643 2148; x_wconf 93' lang='lat' dir='ltr'>nullo</span> <span class='ocrx_word' id='word_1_89' title='bbox 680 2087 795 2147; x_wconf 88' lang='lat' dir='ltr'>tamen</span> <span class='ocrx_word' id='word_1_90' title='bbox 831 2082 930 2148; x_wconf 92' lang='lat' dir='ltr'>modo</span> <span class='ocrx_word' id='word_1_91' title='bbox 974 2082 1223 2150; x_wconf 70' lang='lat' dir='ltr'>commutationi</span> <span class='ocrx_word' id='word_1_92' title='bbox 1264 2085 1353 2150; x_wconf 89' lang='lat' dir='ltr'>illius</span> 
     </span>
     <span class='ocr_line' id='line_1_13' title="bbox 301 2185 1355 2272; baseline 0.003 -23"><span class='ocrx_word' id='word_1_93' title='bbox 301 2186 533 2262; x_wconf 86' lang='lat' dir='ltr'>consensimus,</span> <span class='ocrx_word' id='word_1_94' title='bbox 564 2206 672 2270; x_wconf 85' lang='lat' dir='ltr'>neque</span> <span class='ocrx_word' id='word_1_95' title='bbox 710 2185 951 2251; x_wconf 83' lang='lat' dir='ltr'>consentiemus</span> <span class='ocrx_word' id='word_1_96' title='bbox 974 2185 1060 2255; x_wconf 82' lang='lat' dir='ltr'>¹sine</span> <span class='ocrx_word' id='word_1_97' title='bbox 1091 2185 1170 2272; x_wconf 92' lang='lat' dir='ltr'>ipso,</span> <span class='ocrx_word' id='word_1_98' title='bbox 1204 2187 1261 2251; x_wconf 85' lang='lat' dir='ltr'>scd</span> <span class='ocrx_word' id='word_1_99' title='bbox 1295 2209 1355 2252; x_wconf 87' lang='lat' dir='ltr'>neo</span> 
     </span>
     <span class='ocr_line' id='line_1_14' title="bbox 301 2287 1354 2374; baseline 0.002 -22"><span class='ocrx_word' id='word_1_100' title='bbox 301 2287 434 2373; x_wconf 86' lang='lat' dir='ltr'>signum</span> <span class='ocrx_word' id='word_1_101' title='bbox 457 2287 560 2354; x_wconf 86' lang='lat' dir='ltr'>crucis</span> <span class='ocrx_word' id='word_1_102' title='bbox 583 2287 673 2374; x_wconf 89' lang='lat' dir='ltr'>quod</span> <span class='ocrx_word' id='word_1_103' title='bbox 688 2289 923 2374; x_wconf 78' lang='lat' dir='ltr'>assumpsimus</span> <span class='ocrx_word' id='word_1_104' title='bbox 938 2288 1150 2365; x_wconf 87' lang='lat' dir='ltr'>mutavimus,</span> <span class='ocrx_word' id='word_1_105' title='bbox 1173 2309 1234 2354; x_wconf 88' lang='lat' dir='ltr'>nec</span> <span class='ocrx_word' id='word_1_106' title='bbox 1255 2289 1354 2356; x_wconf 86' lang='lat' dir='ltr'>aliter</span> 
     </span>
     <span class='ocr_line' id='line_1_15' title="bbox 301 2389 1350 2478; baseline 0.002 -24"><span class='ocrx_word' id='word_1_107' title='bbox 301 2389 478 2455; x_wconf 84' lang='lat' dir='ltr'>deferimus</span> <span class='ocrx_word' id='word_1_108' title='bbox 501 2412 600 2477; x_wconf 89' lang='lat' dir='ltr'>quam</span> <span class='ocrx_word' id='word_1_109' title='bbox 623 2413 696 2456; x_wconf 90' lang='lat' dir='ltr'>eam</span> <span class='ocrx_word' id='word_1_110' title='bbox 717 2412 738 2455; x_wconf 89' lang='lat' dir='ltr'>a</span> <span class='ocrx_word' id='word_1_111' title='bbox 759 2389 922 2478; x_wconf 84' lang='lat' dir='ltr'>principio</span> <span class='ocrx_word' id='word_1_112' title='bbox 937 2389 1064 2456; x_wconf 89' lang='lat' dir='ltr'>deferre</span> <span class='ocrx_word' id='word_1_113' title='bbox 1079 2390 1273 2470; x_wconf 86' lang='lat' dir='ltr'>solebamus,</span> <span class='ocrx_word' id='word_1_114' title='bbox 1291 2413 1350 2456; x_wconf 89' lang='lat' dir='ltr'>nec</span> 
     </span>
     <span class='ocr_line' id='line_1_16' title="bbox 301 2493 651 2580; baseline 0.009 -25"><span class='ocrx_word' id='word_1_115' title='bbox 301 2493 371 2558; x_wconf 88' lang='lat' dir='ltr'>sine</span> <span class='ocrx_word' id='word_1_116' title='bbox 393 2493 466 2580; x_wconf 88' lang='lat' dir='ltr'>ipso</span> <span class='ocrx_word' id='word_1_117' title='bbox 488 2493 651 2559; x_wconf 83' lang='lat' dir='ltr'>faciemus.</span> 
     </span>
    </p>

    <p class='ocr_par' dir='ltr' id='par_1_3' title="bbox 300 2594 1355 4113">
     <span class='ocr_line' id='line_1_17' title="bbox 347 2594 1353 2682; baseline -0.001 -21"><span class='ocrx_word' id='word_1_118' title='bbox 347 2595 500 2661; x_wconf 85' lang='lat' dir='ltr'>Consulit</span> <span class='ocrx_word' id='word_1_119' title='bbox 525 2600 640 2662; x_wconf 86' lang='lat' dir='ltr'>tamen</span> <span class='ocrx_word' id='word_1_120' title='bbox 669 2594 757 2661; x_wconf 89' lang='lat' dir='ltr'>idem</span> <span class='ocrx_word' id='word_1_121' title='bbox 791 2617 905 2673; x_wconf 87' lang='lat' dir='ltr'>comes,</span> <span class='ocrx_word' id='word_1_122' title='bbox 939 2595 1027 2681; x_wconf 91' lang='lat' dir='ltr'>quod</span> <span class='ocrx_word' id='word_1_123' title='bbox 1060 2596 1089 2660; x_wconf 91' lang='lat' dir='ltr'>si</span> <span class='ocrx_word' id='word_1_124' title='bbox 1118 2617 1178 2682; x_wconf 88' lang='lat' dir='ltr'>per</span> <span class='ocrx_word' id='word_1_125' title='bbox 1206 2596 1353 2680; x_wconf 86' lang='lat' dir='ltr'>aliquam</span> 
     </span>
     <span class='ocr_line' id='line_1_18' title="bbox 301 2697 1353 2786; baseline -0.001 -23"><span class='ocrx_word' id='word_1_126' title='bbox 301 2697 465 2763; x_wconf 84' lang='lat' dir='ltr'>cautelam</span> <span class='ocrx_word' id='word_1_127' title='bbox 490 2698 545 2763; x_wconf 84' lang='lat' dir='ltr'>vel</span> <span class='ocrx_word' id='word_1_128' title='bbox 571 2697 794 2775; x_wconf 88' lang='lat' dir='ltr'>mediatorem,</span> <span class='ocrx_word' id='word_1_129' title='bbox 820 2697 915 2764; x_wconf 89' lang='lat' dir='ltr'>velut</span> <span class='ocrx_word' id='word_1_130' title='bbox 944 2720 1004 2786; x_wconf 87' lang='lat' dir='ltr'>per</span> <span class='ocrx_word' id='word_1_131' title='bbox 1026 2697 1175 2763; x_wconf 83' lang='lat' dir='ltr'>Garsiam</span> <span class='ocrx_word' id='word_1_132' title='bbox 1207 2698 1353 2774; x_wconf 83' lang='lat' dir='ltr'>Martini,</span> 
     </span>
     <span class='ocr_line' id='line_1_19' title="bbox 302 2799 1354 2887; baseline 0.001 -23"><span class='ocrx_word' id='word_1_133' title='bbox 302 2800 331 2864; x_wconf 90' lang='lat' dir='ltr'>si</span> <span class='ocrx_word' id='word_1_134' title='bbox 368 2801 412 2865; x_wconf 87' lang='lat' dir='ltr'>ad</span> <span class='ocrx_word' id='word_1_135' title='bbox 448 2799 510 2864; x_wconf 93' lang='lat' dir='ltr'>hoc</span> <span class='ocrx_word' id='word_1_136' title='bbox 547 2821 606 2887; x_wconf 90' lang='lat' dir='ltr'>per</span> <span class='ocrx_word' id='word_1_137' title='bbox 642 2821 701 2865; x_wconf 89' lang='lat' dir='ltr'>vos</span> <span class='ocrx_word' id='word_1_138' title='bbox 737 2803 832 2865; x_wconf 83' lang='lat' dir='ltr'>tante</span> <span class='ocrx_word' id='word_1_139' title='bbox 869 2799 983 2864; x_wconf 86' lang='lat' dir='ltr'>valeat</span> <span class='ocrx_word' id='word_1_140' title='bbox 1027 2799 1149 2878; x_wconf 82' lang='lat' dir='ltr'>induci,</span> <span class='ocrx_word' id='word_1_141' title='bbox 1187 2801 1354 2887; x_wconf 88' lang='lat' dir='ltr'>procurari</span> 
     </span>
     <span class='ocr_line' id='line_1_20' title="bbox 302 2902 1354 2990; baseline 0 -23"><span class='ocrx_word' id='word_1_142' title='bbox 302 2902 406 2988; x_wconf 88' lang='lat' dir='ltr'>possit</span> <span class='ocrx_word' id='word_1_143' title='bbox 427 2908 467 2969; x_wconf 87' lang='lat' dir='ltr'>ut</span> <span class='ocrx_word' id='word_1_144' title='bbox 489 2902 668 2990; x_wconf 84' lang='lat' dir='ltr'>praediotus</span> <span class='ocrx_word' id='word_1_145' title='bbox 689 2924 749 2968; x_wconf 87' lang='lat' dir='ltr'>rex</span> <span class='ocrx_word' id='word_1_146' title='bbox 773 2925 794 2967; x_wconf 90' lang='lat' dir='ltr'>a</span> <span class='ocrx_word' id='word_1_147' title='bbox 815 2902 953 2988; x_wconf 89' lang='lat' dir='ltr'>seipso,</span> <span class='ocrx_word' id='word_1_148' title='bbox 985 2924 1052 2969; x_wconf 96' lang='lat' dir='ltr'>non</span> <span class='ocrx_word' id='word_1_149' title='bbox 1081 2902 1176 2969; x_wconf 82' lang='lat' dir='ltr'>velut</span> <span class='ocrx_word' id='word_1_150' title='bbox 1206 2926 1227 2968; x_wconf 91' lang='lat' dir='ltr'>a</span> <span class='ocrx_word' id='word_1_151' title='bbox 1260 2904 1354 2969; x_wconf 81' lang='lat' dir='ltr'>nobis</span> 
     </span>
     <span class='ocr_line' id='line_1_21' title="bbox 301 3003 1354 3092; baseline 0.004 -25"><span class='ocrx_word' id='word_1_152' title='bbox 301 3004 539 3092; x_wconf 66' lang='lat' dir='ltr'>interpellatus</span> <span class='ocrx_word' id='word_1_153' title='bbox 570 3006 652 3069; x_wconf 91' lang='lat' dir='ltr'>duos</span> <span class='ocrx_word' id='word_1_154' title='bbox 678 3004 801 3092; x_wconf 88' lang='lat' dir='ltr'>priores</span> <span class='ocrx_word' id='word_1_155' title='bbox 826 3003 983 3070; x_wconf 88' lang='lat' dir='ltr'>articulos</span> <span class='ocrx_word' id='word_1_156' title='bbox 1015 3010 1050 3071; x_wconf 90' lang='lat' dir='ltr'>et</span> <span class='ocrx_word' id='word_1_157' title='bbox 1072 3004 1152 3071; x_wconf 87' lang='lat' dir='ltr'>alios</span> <span class='ocrx_word' id='word_1_158' title='bbox 1175 3005 1211 3069; x_wconf 94' lang='lat' dir='ltr'>in</span> <span class='ocrx_word' id='word_1_159' title='bbox 1233 3005 1354 3092; x_wconf 88' lang='lat' dir='ltr'>scripto</span> 
     </span>
     <span class='ocr_line' id='line_1_22' title="bbox 303 3107 1354 3188; baseline 0 -17"><span class='ocrx_word' id='word_1_160' title='bbox 303 3108 390 3173; x_wconf 81' lang='lat' dir='ltr'>inter</span> <span class='ocrx_word' id='word_1_161' title='bbox 422 3129 484 3173; x_wconf 90' lang='lat' dir='ltr'>nos</span> <span class='ocrx_word' id='word_1_162' title='bbox 518 3111 690 3172; x_wconf 89' lang='lat' dir='ltr'>contentos</span> <span class='ocrx_word' id='word_1_163' title='bbox 723 3107 891 3171; x_wconf 88' lang='lat' dir='ltr'>remittere</span> <span class='ocrx_word' id='word_1_164' title='bbox 922 3107 1014 3188; x_wconf 89' lang='lat' dir='ltr'>velit,</span> <span class='ocrx_word' id='word_1_165' title='bbox 1038 3128 1099 3171; x_wconf 91' lang='lat' dir='ltr'>nos</span> <span class='ocrx_word' id='word_1_166' title='bbox 1132 3108 1176 3173; x_wconf 89' lang='lat' dir='ltr'>ad</span> <span class='ocrx_word' id='word_1_167' title='bbox 1209 3130 1354 3173; x_wconf 89' lang='lat' dir='ltr'>commu-</span> 
     </span>
     <span class='ocr_line' id='line_1_23' title="bbox 302 3208 1354 3275; baseline 0.001 -2"><span class='ocrx_word' id='word_1_168' title='bbox 302 3210 464 3275; x_wconf 82' lang='lat' dir='ltr'>tandum·</span> <span class='ocrx_word' id='word_1_169' title='bbox 481 3215 599 3275; x_wconf 85' lang='lat' dir='ltr'>votum</span> <span class='ocrx_word' id='word_1_170' title='bbox 637 3208 741 3275; x_wconf 91' lang='lat' dir='ltr'>crucis</span> <span class='ocrx_word' id='word_1_171' title='bbox 771 3212 893 3274; x_wconf 75' lang='lat' dir='ltr'>nostrae</span> <span class='ocrx_word' id='word_1_172' title='bbox 930 3208 968 3273; x_wconf 91' lang='lat' dir='ltr'>in</span> <span class='ocrx_word' id='word_1_173' title='bbox 998 3208 1122 3275; x_wconf 87' lang='lat' dir='ltr'>factum</span> <span class='ocrx_word' id='word_1_174' title='bbox 1161 3208 1354 3275; x_wconf 85' lang='lat' dir='ltr'>Africanum</span> 
     </span>
     <span class='ocr_line' id='line_1_24' title="bbox 302 3311 1354 3398; baseline 0 -21"><span class='ocrx_word' id='word_1_175' title='bbox 302 3319 376 3398; x_wconf 86' lang='lat' dir='ltr'>post</span> <span class='ocrx_word' id='word_1_176' title='bbox 416 3312 596 3377; x_wconf 85' lang='lat' dir='ltr'>terminum</span> <span class='ocrx_word' id='word_1_177' title='bbox 636 3311 870 3398; x_wconf 86' lang='lat' dir='ltr'>praedictorum</span> <span class='ocrx_word' id='word_1_178' title='bbox 910 3332 968 3377; x_wconf 83' lang='lat' dir='ltr'>sex</span> <span class='ocrx_word' id='word_1_179' title='bbox 1010 3333 1170 3377; x_wconf 86' lang='lat' dir='ltr'>annorum</span> <span class='ocrx_word' id='word_1_180' title='bbox 1216 3311 1354 3398; x_wconf 83' lang='lat' dir='ltr'>obligari</span> 
     </span>
     <span class='ocr_line' id='line_1_25' title="bbox 302 3414 1354 3489; baseline 0 -10"><span class='ocrx_word' id='word_1_181' title='bbox 302 3414 554 3489; x_wconf 87' lang='lat' dir='ltr'>consentiamus,</span> <span class='ocrx_word' id='word_1_182' title='bbox 588 3414 667 3478; x_wconf 86' lang='lat' dir='ltr'>dum</span> <span class='ocrx_word' id='word_1_183' title='bbox 713 3416 824 3478; x_wconf 88' lang='lat' dir='ltr'>tamen</span> <span class='ocrx_word' id='word_1_184' title='bbox 863 3417 972 3478; x_wconf 85' lang='lat' dir='ltr'>status</span> <span class='ocrx_word' id='word_1_185' title='bbox 1010 3417 1107 3479; x_wconf 74' lang='lat' dir='ltr'>terrra</span> <span class='ocrx_word' id='word_1_186' title='bbox 1152 3418 1274 3479; x_wconf 84' lang='lat' dir='ltr'>nostrae</span> <span class='ocrx_word' id='word_1_187' title='bbox 1319 3421 1354 3479; x_wconf 87' lang='lat' dir='ltr'>et</span> 
     </span>
     <span class='ocr_line' id='line_1_26' title="bbox 303 3513 1355 3603; baseline 0 -24"><span class='ocrx_word' id='word_1_188' title='bbox 303 3515 434 3603; x_wconf 72' lang='lat' dir='ltr'>Apuliae</span> <span class='ocrx_word' id='word_1_189' title='bbox 457 3516 519 3581; x_wconf 88' lang='lat' dir='ltr'>hoc</span> <span class='ocrx_word' id='word_1_190' title='bbox 540 3513 733 3601; x_wconf 88' lang='lat' dir='ltr'>permiserit.</span> <span class='ocrx_word' id='word_1_191' title='bbox 781 3514 890 3580; x_wconf 85' lang='lat' dir='ltr'>Aliter</span> <span class='ocrx_word' id='word_1_192' title='bbox 906 3519 1018 3580; x_wconf 89' lang='lat' dir='ltr'>autem</span> <span class='ocrx_word' id='word_1_193' title='bbox 1040 3536 1100 3581; x_wconf 90' lang='lat' dir='ltr'>nos</span> <span class='ocrx_word' id='word_1_194' title='bbox 1123 3516 1166 3581; x_wconf 88' lang='lat' dir='ltr'>ad</span> <span class='ocrx_word' id='word_1_195' title='bbox 1189 3515 1250 3581; x_wconf 94' lang='lat' dir='ltr'>hoc</span> <span class='ocrx_word' id='word_1_196' title='bbox 1273 3515 1355 3581; x_wconf 93' lang='lat' dir='ltr'>obli-</span> 
     </span>
     <span class='ocr_line' id='line_1_27' title="bbox 302 3615 1354 3704; baseline -0.001 -22"><span class='ocrx_word' id='word_1_197' title='bbox 302 3617 374 3704; x_wconf 84' lang='lat' dir='ltr'>gari</span> <span class='ocrx_word' id='word_1_198' title='bbox 396 3639 464 3684; x_wconf 94' lang='lat' dir='ltr'>non</span> <span class='ocrx_word' id='word_1_199' title='bbox 486 3617 628 3682; x_wconf 85' lang='lat' dir='ltr'>consulit</span> <span class='ocrx_word' id='word_1_200' title='bbox 650 3615 739 3681; x_wconf 93' lang='lat' dir='ltr'>idem</span> <span class='ocrx_word' id='word_1_201' title='bbox 761 3637 875 3694; x_wconf 88' lang='lat' dir='ltr'>comos,</span> <span class='ocrx_word' id='word_1_202' title='bbox 900 3620 934 3681; x_wconf 85' lang='lat' dir='ltr'>et</span> <span class='ocrx_word' id='word_1_203' title='bbox 957 3638 1054 3681; x_wconf 87' lang='lat' dir='ltr'>eausa</span> <span class='ocrx_word' id='word_1_204' title='bbox 1076 3616 1146 3683; x_wconf 84' lang='lat' dir='ltr'>lraeo</span> <span class='ocrx_word' id='word_1_205' title='bbox 1178 3623 1238 3699; x_wconf 86' lang='lat' dir='ltr'>est,</span> <span class='ocrx_word' id='word_1_206' title='bbox 1266 3616 1354 3704; x_wconf 90' lang='lat' dir='ltr'>quod</span> 
     </span>
     <span class='ocr_line' id='line_1_28' title="bbox 300 3718 1354 3807; baseline -0.003 -19"><span class='ocrx_word' id='word_1_207' title='bbox 300 3721 331 3788; x_wconf 83' lang='lat' dir='ltr'>si</span> <span class='ocrx_word' id='word_1_208' title='bbox 349 3718 416 3785; x_wconf 74' lang='lat' dir='ltr'>ad²</span> <span class='ocrx_word' id='word_1_209' title='bbox 438 3719 527 3784; x_wconf 89' lang='lat' dir='ltr'>hunc</span> <span class='ocrx_word' id='word_1_210' title='bbox 553 3718 729 3783; x_wconf 83' lang='lat' dir='ltr'>articulum</span> <span class='ocrx_word' id='word_1_211' title='bbox 755 3718 860 3804; x_wconf 82' lang='lat' dir='ltr'>magis</span> <span class='ocrx_word' id='word_1_212' title='bbox 886 3740 985 3804; x_wconf 87' lang='lat' dir='ltr'>quam</span> <span class='ocrx_word' id='word_1_213' title='bbox 1011 3718 1102 3806; x_wconf 90' lang='lat' dir='ltr'>prius</span> <span class='ocrx_word' id='word_1_214' title='bbox 1127 3719 1354 3807; x_wconf 78' lang='lat' dir='ltr'>obligaremur,</span> 
     </span>
     <span class='ocr_line' id='line_1_29' title="bbox 302 3817 1353 3907; baseline 0.002 -22"><span class='ocrx_word' id='word_1_215' title='bbox 302 3828 337 3886; x_wconf 87' lang='lat' dir='ltr'>et</span> <span class='ocrx_word' id='word_1_216' title='bbox 373 3820 410 3885; x_wconf 91' lang='lat' dir='ltr'>in</span> <span class='ocrx_word' id='word_1_217' title='bbox 446 3820 558 3907; x_wconf 89' lang='lat' dir='ltr'>aliquo</span> <span class='ocrx_word' id='word_1_218' title='bbox 593 3819 734 3886; x_wconf 87' lang='lat' dir='ltr'>aliorum</span> <span class='ocrx_word' id='word_1_219' title='bbox 772 3817 989 3901; x_wconf 70' lang='lat' dir='ltr'>deficeremus</span> <span class='ocrx_word' id='word_1_220' title='bbox 1021 3820 1162 3885; x_wconf 91' lang='lat' dir='ltr'>amioum</span> <span class='ocrx_word' id='word_1_221' title='bbox 1204 3826 1353 3887; x_wconf 90' lang='lat' dir='ltr'>nostrum</span> 
     </span>
     <span class='ocr_line' id='line_1_30' title="bbox 302 3920 1354 4002; baseline 0.001 -14"><span class='ocrx_word' id='word_1_222' title='bbox 302 3924 535 4002; x_wconf 86' lang='lat' dir='ltr'>amitteremus,</span> <span class='ocrx_word' id='word_1_223' title='bbox 559 3928 595 3988; x_wconf 89' lang='lat' dir='ltr'>et</span> <span class='ocrx_word' id='word_1_224' title='bbox 620 3920 835 3986; x_wconf 92' lang='lat' dir='ltr'>nihilominus</span> <span class='ocrx_word' id='word_1_225' title='bbox 862 3922 906 3986; x_wconf 91' lang='lat' dir='ltr'>ad</span> <span class='ocrx_word' id='word_1_226' title='bbox 929 3922 1017 3987; x_wconf 89' lang='lat' dir='ltr'>huno</span> <span class='ocrx_word' id='word_1_227' title='bbox 1038 3921 1214 3989; x_wconf 86' lang='lat' dir='ltr'>articulum</span> <span class='ocrx_word' id='word_1_228' title='bbox 1236 3924 1354 3991; x_wconf 81' lang='lat' dir='ltr'>lortius</span> 
     </span>
     <span class='ocr_line' id='line_1_31' title="bbox 302 4025 565 4113; baseline -0.004 -23"><span class='ocrx_word' id='word_1_229' title='bbox 302 4025 565 4113; x_wconf 81' lang='lat' dir='ltr'>astringeremur.</span> 
     </span>
    </p>

    <p class='ocr_par' dir='ltr' id='par_1_4' title="bbox 303 4114 1502 4307">
     <span class='ocr_line' id='line_1_32' title="bbox 347 4114 1499 4214; baseline -0.001 -22"><span class='ocrx_word' id='word_1_230' title='bbox 347 4128 393 4194; x_wconf 86' lang='lat' dir='ltr'>Et</span> <span class='ocrx_word' id='word_1_231' title='bbox 429 4127 508 4193; x_wconf 85' lang='lat' dir='ltr'>lieet</span> <span class='ocrx_word' id='word_1_232' title='bbox 544 4126 680 4191; x_wconf 87' lang='lat' dir='ltr'>nuntios</span> <span class='ocrx_word' id='word_1_233' title='bbox 722 4130 852 4191; x_wconf 89' lang='lat' dir='ltr'>nostros</span> <span class='ocrx_word' id='word_1_234' title='bbox 896 4127 1071 4214; x_wconf 79' lang='lat' dir='ltr'>praedictos</span> <span class='ocrx_word' id='word_1_235' title='bbox 1116 4148 1223 4191; x_wconf 87' lang='lat' dir='ltr'>coram</span> <span class='ocrx_word' id='word_1_236' title='bbox 1258 4124 1353 4192; x_wconf 90' lang='lat' dir='ltr'>nobis</span> <span class='ocrx_word' id='word_1_237' title='bbox 1366 4114 1499 4166; x_wconf 75' lang='lat' dir='ltr'>Weleave</span> 
     </span>
     <span class='ocr_line' id='line_1_33' title="bbox 303 4182 1502 4307; baseline 0.001 -13"><span class='ocrx_word' id='word_1_238' title='bbox 303 4236 340 4294; x_wconf 88' lang='lat' dir='ltr'>et</span> <span class='ocrx_word' id='word_1_239' title='bbox 372 4229 506 4296; x_wconf 92' lang='lat' dir='ltr'>consilio</span> <span class='ocrx_word' id='word_1_240' title='bbox 546 4234 660 4294; x_wconf 89' lang='lat' dir='ltr'>nostro</span> <span class='ocrx_word' id='word_1_241' title='bbox 700 4226 956 4293; x_wconf 86' lang='lat' dir='ltr'>instruxerimus</span> <span class='ocrx_word' id='word_1_242' title='bbox 991 4233 1025 4294; x_wconf 90' lang='lat' dir='ltr'>et</span> <span class='ocrx_word' id='word_1_243' title='bbox 1058 4182 1502 4307; x_wconf 58' lang='lat' dir='ltr'>informaverimusdisirsiiln</span> 
     </span>
    </p>
   </div>
   <div class='ocr_carea' id='block_1_3' title="bbox 302 4314 1465 4431">
    <p class='ocr_par' dir='ltr' id='par_1_5' title="bbox 302 4314 1465 4431">
     <span class='ocr_line' id='line_1_34' title="bbox 302 4314 1465 4431; baseline 0.004 -35"><span class='ocrx_word' id='word_1_244' title='bbox 302 4338 400 4419; x_wconf 87' lang='lat' dir='ltr'>prout</span> <span class='ocrx_word' id='word_1_245' title='bbox 433 4330 551 4397; x_wconf 89' lang='lat' dir='ltr'>melius</span> <span class='ocrx_word' id='word_1_246' title='bbox 578 4331 734 4395; x_wconf 85' lang='lat' dir='ltr'>solvimus</span> <span class='ocrx_word' id='word_1_247' title='bbox 772 4336 807 4396; x_wconf 87' lang='lat' dir='ltr'>et</span> <span class='ocrx_word' id='word_1_248' title='bbox 844 4330 1020 4416; x_wconf 91' lang='lat' dir='ltr'>potuimus,</span> <span class='ocrx_word' id='word_1_249' title='bbox 1054 4336 1214 4417; x_wconf 87' lang='lat' dir='ltr'>praesente</span> <span class='ocrx_word' id='word_1_250' title='bbox 1252 4331 1353 4397; x_wconf 83' lang='lat' dir='ltr'>fratre</span> <span class='ocrx_word' id='word_1_251' title='bbox 1365 4314 1465 4431; x_wconf 40' lang='lat' dir='ltr'>{affl</span> 
     </span>
    </p>
   </div>
   <div class='ocr_carea' id='block_1_4' title="bbox 622 4542 1341 4551">
    <p class='ocr_par' dir='ltr' id='par_1_6' title="bbox 622 4542 1341 4551">
     <span class='ocr_line' id='line_1_35' title="bbox 622 4542 1341 4551; baseline 0 -2"><span class='ocrx_word' id='word_1_252' title='bbox 622 4542 797 4551; x_wconf 59' lang='lat' dir='ltr'>..-qn—...-</span> <span class='ocrx_word' id='word_1_253' title='bbox 818 4544 833 4548; x_wconf 84' lang='grc'>.-</span> <span class='ocrx_word' id='word_1_254' title='bbox 851 4544 855 4548; x_wconf 80' lang='grc'>.</span> <span class='ocrx_word' id='word_1_255' title='bbox 874 4544 896 4548; x_wconf 60' lang='grc'>.-«</span> <span class='ocrx_word' id='word_1_256' title='bbox 911 4544 963 4549; x_wconf 47' lang='lat' dir='ltr'>‚rn-</span> <span class='ocrx_word' id='word_1_257' title='bbox 982 4544 999 4548; x_wconf 88' lang='lat'>--</span> <span class='ocrx_word' id='word_1_258' title='bbox 1012 4543 1045 4547; x_wconf 85' lang='lat'>--—</span> <span class='ocrx_word' id='word_1_259' title='bbox 1082 4542 1156 4549; x_wconf 61' lang='grc' dir='ltr'>...ι-..ο</span> <span class='ocrx_word' id='word_1_260' title='bbox 1167 4542 1341 4549; x_wconf 75' lang='lat'><em>—--—.-----</em></span> 
     </span>
    </p>
   </div>
   <div class='ocr_carea' id='block_1_5' title="bbox 384 4668 1250 4814">
    <p class='ocr_par' dir='ltr' id='par_1_7' title="bbox 384 4668 1250 4814">
     <span class='ocr_line' id='line_1_36' title="bbox 386 4668 745 4735; baseline 0.003 -17"><span class='ocrx_word' id='word_1_261' title='bbox 386 4672 392 4701; x_wconf 84' lang='lat'><strong>¹</strong></span> <span class='ocrx_word' id='word_1_262' title='bbox 411 4669 599 4735; x_wconf 75' lang='lat' dir='ltr'>Bononiensem]</span> <span class='ocrx_word' id='word_1_263' title='bbox 613 4669 678 4729; x_wconf 76' lang='lat' dir='ltr'>Bon,</span> <span class='ocrx_word' id='word_1_264' title='bbox 687 4668 745 4719; x_wconf 84' lang='lat' dir='ltr'>MS.</span> 
     </span>
     <span class='ocr_line' id='line_1_37' title="bbox 384 4747 1250 4814; baseline 0.01 -25"><span class='ocrx_word' id='word_1_265' title='bbox 384 4751 395 4778; x_wconf 66' lang='grc' dir='ltr'><strong><em>τ</em></strong></span> <span class='ocrx_word' id='word_1_266' title='bbox 410 4749 457 4814; x_wconf 74' lang='lat' dir='ltr'>ad]</span> <span class='ocrx_word' id='word_1_267' title='bbox 471 4749 503 4799; x_wconf 71' lang='lat' dir='ltr'>ad</span> <span class='ocrx_word' id='word_1_268' title='bbox 513 4756 546 4810; x_wconf 74' lang='lat' dir='ltr'>er,</span> <span class='ocrx_word' id='word_1_269' title='bbox 558 4748 614 4800; x_wconf 87' lang='lat' dir='ltr'>MS.</span> <span class='ocrx_word' id='word_1_270' title='bbox 650 4747 804 4798; x_wconf 73' lang='lat' dir='ltr'>Theclam</span> <span class='ocrx_word' id='word_1_271' title='bbox 815 4762 849 4796; x_wconf 86' lang='lat' dir='ltr'>no</span> <span class='ocrx_word' id='word_1_272' title='bbox 861 4748 939 4798; x_wconf 88' lang='lat' dir='ltr'>doubt</span> <span class='ocrx_word' id='word_1_273' title='bbox 950 4748 1069 4799; x_wconf 83' lang='lat' dir='ltr'>intended</span> <span class='ocrx_word' id='word_1_274' title='bbox 1078 4754 1104 4799; x_wconf 83' lang='lat' dir='ltr'>to</span> <span class='ocrx_word' id='word_1_275' title='bbox 1116 4749 1146 4798; x_wconf 84' lang='lat' dir='ltr'>be</span> <span class='ocrx_word' id='word_1_276' title='bbox 1155 4748 1250 4801; x_wconf 83' lang='lat' dir='ltr'>erased.</span> 
     </span>
    </p>
   </div>
   <div class='ocr_carea' id='block_1_6' title="bbox 391 4845 1221 4894">
    <p class='ocr_par' dir='ltr' id='par_1_8' title="bbox 391 4845 1221 4894">
     <span class='ocr_line' id='line_1_38' title="bbox 391 4845 1221 4894; baseline -0.001 0"><span class='ocrx_word' id='word_1_277' title='bbox 391 4845 462 4894; x_wconf 81' lang='lat' dir='ltr'>VOL</span> <span class='ocrx_word' id='word_1_278' title='bbox 486 4845 522 4894; x_wconf 89' lang='grc' dir='ltr'>ΙΙ.</span> <span class='ocrx_word' id='word_1_279' title='bbox 1196 4848 1221 4893; x_wconf 88' lang='lat' dir='ltr'>H</span> 
     </span>
    </p>
   </div>
   <div class='ocr_carea' id='block_1_7' title="bbox 0 0 1812 5800">
    <p class='ocr_par' dir='ltr' id='par_1_9' title="bbox 0 0 1812 5800">
     <span class='ocr_line' id='line_1_39' title="bbox 0 0 1812 5800; baseline 0 0"><span class='ocrx_word' id='word_1_280' title='bbox 0 0 1812 5800; x_wconf 95' lang='lat' dir='ltr'> </span> 
     </span>
    </p>
   </div>
  </div>
 </body>
</html>
