3609 5800
459 897 706 948 inuusmsrrvn
730 900 774 947 or
797 900 867 949 rus
891 901 999 951 amau
1023 904 1066 949 or
1090 902 1211 951 unsar
1234 904 1282 951 111.
1332 886 1396 957 227
1497 966 1501 973 ,

760 1195 960 1262 DLXXXV.

479 1376 608 1441 Heras
631 1378 695 1442 ΙΙΙ.
720 1395 762 1444 ro
786 1378 1004 1445 Lnnwunnra
1027 1394 1072 1443 ar
1095 1378 1257 1445 Garama.

543 1555 613 1618 (nor.
625 1555 709 1607 claun.
721 1559 753 1607 47
765 1556 832 1606 Han.
844 1556 903 1618 111„
916 1558 1008 1607 memb.
1024 1562 1053 1607 lt
1065 1556 1092 1606 la
1104 1556 1200 1617 dorso.)

385 1712 459 1777 Rex
482 1712 646 1779 Lewelino
669 1714 739 1779 filio
763 1712 905 1791 Griffini,
931 1714 1080 1779 salutem.
1408 1726 1469 1778 Dee.
1482 1734 1522 1789 aa,

387 1814 471 1881 Cum
502 1814 555 1881 die
588 1815 752 1896 Mercurii,
784 1816 820 1879 in
854 1815 972 1903 vigilia
1004 1815 1040 1882 B.
1077 1814 1210 1881 Thomae
1245 1816 1394 1902 apostoli,
1409 1798 1480 1843 ¹²⁶²·

342 1915 594 2003 applicuerimus
616 1918 703 2005 apud
727 1917 909 1983 Dovoriam
943 1917 1016 1983 sani
1050 1922 1084 1985 ot
1118 1916 1303 1996 incolumes,
1337 1918 1394 1983 ubi
1408 1884 1531 2013 gffid

341 2017 437 2083 nobis
468 2018 584 2083 extitit
615 2018 808 2085 intimatum
843 2019 932 2105 quod
962 2041 1023 2085 vos
1054 2024 1089 2085 et
1120 2018 1270 2085 homines
1292 2020 1395 2085 vestri
1407 2031 1538 2095 sensur-

341 2120 438 2185 nobis
459 2120 566 2186 adhue
593 2126 689 2185 extra
720 2143 858 2208 regnum
896 2126 1048 2187 nostrum
1082 2122 1258 2209 agentibus
1289 2084 1529 2199 eastraffiff‘ssfm

342 2223 549 2307 quorundam
575 2224 724 2289 fidelium
755 2229 943 2290 nostrorum
973 2222 1126 2291 marchias
1157 2230 1280 2291 nostrae
1302 2230 1499 2332 occu-{J’u‘h
1525 2283 1539 2333 f

341 2326 453 2411 pastis,
476 2325 626 2391 homines
648 2330 779 2391 nostros
809 2331 844 2391 et
875 2328 1054 2392 eorundem
1086 2326 1234 2391 fidelium
1267 2332 1394 2393 nostro·
1407 2297 1538 2399 arinini.

340 2448 414 2491 rum
462 2429 609 2515 partium
654 2427 787 2493 illarum
826 2428 1063 2507 interficienda
1098 2428 1325 2515 depraedando,
1360 2433 1395 2495 et
1500 2460 1506 2471 ·

342 2528 407 2593 alia
429 2529 577 2595 enormia
599 2529 640 2595 de
671 2530 725 2595 die
752 2530 789 2595 in
823 2529 911 2597 diem
944 2529 1039 2595 nobis
1070 2534 1105 2595 et
1137 2530 1183 2595 eis
1217 2530 1394 2609 inferenda

341 2635 456 2696 contra
488 2631 627 2697 formam
658 2635 850 2719 treugarum
882 2632 971 2697 inter
1002 2653 1063 2697 nos
1085 2636 1120 2698 et
1143 2654 1202 2697 vos
1224 2632 1393 2715 initorum,

342 2732 382 2797 de
419 2755 485 2820 quo
522 2756 590 2798 non
629 2733 840 2800 mediocriter
874 2732 1034 2799 miramur
1070 2738 1105 2799 et
1142 2754 1323 2811 movemur,
1355 2755 1393 2799 eo

341 2836 485 2902 maxime
508 2836 597 2924 quod
619 2835 681 2902 vix
704 2834 835 2903 eredere
865 2858 1033 2924 possemus
1066 2835 1154 2922 quod
1176 2834 1274 2902 homo
1297 2835 1392 2902 bonae

340 2938 417 3004 fidei
440 2944 556 3007 eontra
577 2938 776 3006 fidelitatem
809 2947 845 3004 et
872 2938 1099 3026 juramentum
1122 2939 1290 3027 proprium
1312 2937 1393 3004 talia

340 3045 543 3124 attentaret;
575 3039 670 3106 vobis
702 3041 900 3108 mandamus
932 3047 1095 3128 quatenus
1117 3039 1393 3127 transgressiones

343 3142 548 3230 supradictus
570 3142 666 3210 nobis
688 3148 723 3208 et
745 3143 868 3208 nostris
891 3148 1008 3209 eontra
1038 3142 1178 3208 formam
1200 3147 1392 3229 treugarum

339 3245 571 3330 praedictarum
606 3245 718 3310 illatas
752 3267 827 3310 oum
859 3245 1028 3312 eeleritate
1058 3244 1187 3310 faciatis
1215 3243 1392 3322 emendari,

340 3345 488 3413 homines
510 3351 638 3413 vestros
660 3347 703 3413 ab
730 3346 921 3433 hujusmodi
944 3347 1075 3432 injuriis
1098 3346 1194 3412 nobis
1216 3350 1251 3412 et
1272 3345 1394 3412 nostris

337 3448 515 3516 inferendis
545 3449 743 3516 durantibus
774 3450 900 3536 treugis
936 3448 1093 3514 desistere
1127 3447 1288 3525 facienda,
1318 3470 1392 3513 oum

338 3572 399 3616 nos
429 3557 563 3640 treugas
599 3551 674 3616 ilias
704 3551 864 3617 haetenus
895 3549 1181 3617 observaverimus
1207 3571 1268 3636 pro
1298 3555 1392 3637 parte

339 3658 459 3734 nostra,
490 3660 524 3719 et
554 3677 609 3720 eas
631 3654 812 3720 secundum
842 3651 982 3718 sormam
1012 3653 1191 3718 earundem
1221 3652 1392 3717 observare

338 3754 467 3842 plenius
497 3756 715 3822 intendamus.
771 3756 817 3820 Et
846 3756 927 3842 quid
957 3777 1055 3844 super
1084 3753 1262 3842 praemissis
1288 3754 1392 3820 faeere

338 3857 510 3922 volueritis
533 3857 629 3923 nobis
655 3878 730 3922 oum
755 3857 924 3924 eeleritate
952 3857 1146 3922 rescribatis.

383 3959 479 4026 Teste
501 3981 554 4026 me
578 3960 649 4049 ipso
676 3959 764 4049 apud
785 3959 974 4038 boarium,
996 3957 1313 4032 vicesimosecundo
1338 3957 1391 4020 die

340 4060 535 4129 Deoembris.
