3609 5800
433 875 498 940 154
582 886 698 938 somn
721 887 795 937 arn
818 887 935 938 ornan
957 886 1160 938 srsrosrcan
1183 888 1330 938 nmrnss

432 1064 573 1131 Ricardo
606 1067 646 1132 de
680 1063 780 1152 Grey,
803 1063 928 1130 Jacobo
961 1063 1001 1130 de
1029 1061 1229 1150 Alditheley,
1252 1069 1287 1129 et
1310 1063 1408 1130 Petro
1438 1065 1479 1130 de

434 1167 550 1234 Monte
573 1167 674 1244 Festi,
699 1169 845 1234 salutem.

262 1295 402 1346 wethauk
474 1271 582 1358 Super
603 1292 642 1337 co
665 1271 756 1358 quod
778 1271 819 1336 de
841 1273 933 1335 statu
965 1269 1145 1356 tranquillo
1167 1270 1260 1357 regni
1290 1270 1396 1336 nostri
1419 1291 1479 1334 nos
1602 1319 1607 1330 .

261 1364 365 1492 {32¹OE
429 1374 640 1454 certificastis,
663 1379 697 1440 et
719 1378 888 1440 maturum
910 1394 1090 1460 regressum
1105 1377 1255 1438 nostrum
1270 1373 1306 1438 in
1322 1373 1478 1460 Angliam

262 1495 354 1547 letters.
429 1477 510 1542 totis
529 1476 700 1542 desideriis
730 1475 918 1556 affectastis,
942 1475 1028 1540 sicut
1057 1497 1115 1563 per
1144 1477 1259 1542 literas
1287 1481 1414 1542 vestras
1444 1481 1479 1540 ot

428 1601 487 1664 per
509 1578 646 1644 dilectos
667 1583 702 1644 et
725 1577 839 1644 fideles
870 1582 999 1643 nostros
1031 1577 1222 1664 Philippum
1245 1577 1414 1642 Marmiun
1443 1583 1478 1644 et

428 1681 605 1766 Symonem
628 1681 811 1748 Passelawe
832 1679 961 1766 plenius
983 1679 1216 1752 intelleximus.
1239 1685 1357 1750 vestrae
1380 1680 1478 1746 dilec·
1546 1703 1553 1722 ·

427 1784 528 1848 tionis
550 1788 586 1850 et
606 1782 779 1850 fidelitatis
805 1782 1028 1850 constantiam
1059 1804 1157 1868 quam
1180 1805 1259 1870 erga
1280 1805 1339 1850 nos
1361 1783 1477 1871 geritis

427 1909 469 1952 ex
499 1887 561 1952 hoc
594 1886 807 1952 attendentes
837 1884 1019 1962 manifeste,
1042 1886 1136 1950 vobis
1166 1886 1345 1972 plurimum
1367 1909 1477 1973 regra-

426 1990 573 2070 tiamur3
603 1990 682 2076 quia
703 1988 995 2075 quotienscumque
1025 1987 1066 2054 de
1088 1988 1305 2077 prosperitate
1327 1989 1477 2075 praedicti

426 2091 518 2178 regni
540 2094 647 2158 nostri
668 2091 833 2158 certitudo
854 2092 951 2156 nobis
974 2091 1151 2157 nunciatur
1173 2092 1216 2157 ad
1234 2091 1476 2178 jocunditatem

426 2216 494 2260 non
516 2195 679 2261 modicam
701 2195 893 2261 excitamur.

259 2323 314 2372 eur
327 2330 413 2373 return
469 2297 526 2362 Ad
548 2297 753 2364 redeundum
772 2318 851 2362 vero
873 2297 910 2361 in
932 2317 1070 2384 regnum
1093 2303 1244 2364 nostrum
1267 2297 1476 2384 accingimur,

258 2390 352 2504 {ffffii'
425 2405 460 2466 et
491 2401 549 2464 diu
582 2407 633 2466 est
666 2399 755 2486 quod
788 2399 1001 2481 venissemus,
1040 2398 1105 2466 nisi
1143 2399 1244 2466 variis
1282 2401 1323 2466 de
1360 2399 1475 2479 causis,

258 2458 363 2601 elysii·
425 2523 565 2588 quarum
596 2503 716 2590 aliquae
748 2502 888 2568 forsitan
922 2523 981 2568 vos
1015 2523 1083 2567 non
1114 2501 1230 2584 latent,
1254 2507 1289 2568 et
1311 2501 1385 2568 aliis
1415 2501 1476 2566 iur-

258 2589 412 2706 {ffufffbstm‘
424 2606 624 2692 pedimentis
655 2629 729 2692 quar
752 2607 788 2672 in
810 2607 958 2672 adventu
981 2610 1095 2670 nostro
1117 2606 1212 2672 vobis
1234 2605 1362 2692 plenius
1385 2609 1477 2692 pote·

423 2710 527 2775 rimus
563 2709 727 2787 intimare,
766 2731 911 2775 essemus
948 2709 1075 2774 diutius
1113 2710 1149 2774 in
1187 2729 1288 2795 regno
1327 2707 1475 2774 Franciae

424 2812 606 2900 praepediti.
653 2811 738 2879 (lum
772 2812 878 2899 igitur
910 2833 978 2876 una
1013 2833 1110 2877 causa
1144 2813 1294 2899 supersit,
1321 2811 1476 2877 videlicet

424 2936 521 3002 super
543 2916 763 2981 aestimatione
786 2915 937 3003 pecuniae
964 2916 1219 3001 quingentorum
1242 2915 1387 2980 militum
1416 2936 1475 3001 per

424 3017 596 3083 biennium
610 3017 838 3095 tenendorum,
855 3039 956 3102 quam
979 3039 1039 3082 rex
1063 3019 1210 3084 Franciae
1232 3018 1328 3085 nobis
1349 3017 1474 3085 solvere

424 3124 566 3197 tenetur,
600 3129 635 3185 et
668 3140 765 3207 super
798 3142 864 3206 qua
894 3120 1112 3185 aestimatores
1150 3143 1192 3187 ex
1224 3126 1316 3207 parte
1350 3142 1409 3186 sua
1438 3128 1473 3185 et

424 3228 538 3289 nostra
558 3222 602 3287 ad
631 3221 692 3288 hoc
722 3222 817 3288 electi
848 3223 1043 3287 concordare
1074 3224 1302 3310 nequiverant,
1326 3246 1364 3289 ac
1386 3224 1474 3311 apud

424 3325 565 3392 eundem
588 3346 698 3412 regem
721 3324 897 3411 diligenter
926 3325 1124 3391 instaremus
1154 3327 1242 3412 quod
1272 3326 1409 3413 quintus
1432 3350 1473 3392 ex

424 3433 517 3514 parte
540 3450 599 3493 sua
620 3433 655 3493 et
677 3432 792 3493 nostra
814 3428 1034 3493 communiter
1056 3429 1288 3516 assignaretur,
1312 3430 1369 3516 qui
1400 3452 1475 3495 con-

424 3530 616 3594 troversiam
647 3528 817 3596 dirimeret
847 3530 1080 3616 supradictam,
1111 3536 1145 3596 et
1175 3532 1329 3597 dominus
1355 3532 1472 3597 Petrus

425 3632 630 3697 Camerarius
652 3638 738 3697 esset
760 3634 803 3697 ad
825 3630 886 3698 hoc
908 3631 1110 3712 nominatus,
1134 3634 1310 3699 dummodo
1330 3634 1472 3720 juraret;

423 3734 485 3810 cui,
507 3755 566 3819 pro
600 3754 639 3798 eo
671 3732 760 3819 quod
789 3734 851 3799 hoc
880 3755 964 3799 onus
993 3734 1030 3799 in
1052 3756 1087 3801 se
1110 3756 1272 3801 assumere
1294 3738 1470 3813 metuebat,

423 3835 575 3901 dominus
596 3856 655 3900 rex
678 3836 824 3902 Franciae
854 3837 1041 3925 episcopum
1064 3838 1272 3903 Aniciensem
1295 3839 1472 3925 adjungere

422 3937 538 4014 voluit,
560 3942 599 4002 ut
625 3937 675 4002 illi
696 3938 760 4002 duo
795 3944 903 4003 essent
927 3938 996 4005 loco
1019 3938 1147 4027 quinti;
1170 3940 1340 4006 undenos
1373 3940 1470 4005 istius

422 4040 548 4126 negotii
578 4040 780 4104 arduitatem
803 4042 1029 4127 ponderantes
1061 4044 1303 4128 responsionem
1325 4048 1470 4108 nostram

422 4142 580 4229 praedicto
602 4144 672 4228 regi
695 4142 878 4207 faciendam
905 4143 1100 4229 suspendere
1131 4145 1340 4221 decrevimus,
1370 4145 1472 4209 donec

422 4249 570 4309 vestrum
592 4267 689 4331 super
711 4244 773 4309 hoc
794 4246 967 4310 consilium
990 4246 1192 4311 haberemus.

257 4368 393 4419 maerore
469 4346 626 4428 Quocirca
646 4347 743 4413 vobis
772 4348 967 4413 mandamus
990 4356 1161 4434 quatenus,
1188 4372 1288 4435 quam
1315 4350 1471 4417 damnosa

255 4436 389 4552 {alvaldum
423 4449 469 4515 sit
483 4449 579 4515 nobis
600 4451 636 4514 in
658 4450 720 4516 hac
742 4455 837 4537 purte
852 4451 970 4516 dilatio
993 4452 1244 4532 considerantes,
1259 4453 1295 4517 in
1317 4452 1383 4519 fide
1405 4475 1470 4539 qua

257 4584 324 4633 upon
335 4570 362 4619 it„
423 4550 518 4617 nobis
541 4552 700 4617 tenemini
723 4552 804 4639 quid
833 4552 992 4639 praedicto
1022 4554 1091 4641 regi
1121 4576 1219 4642 super
1247 4554 1309 4621 hoc
1339 4576 1470 4642 respon-

424 4654 500 4720 dero
530 4654 705 4719 debeamus
728 4660 876 4721 vestrum
898 4656 1071 4721 consilium
1095 4662 1224 4723 mature
1253 4656 1348 4723 nobis
1370 4658 1471 4745 signi-

422 4758 520 4823 ficare
549 4758 670 4823 curetis
681 4784 690 4837 3
721 4766 755 4824 et
786 4758 939 4825 similiter
967 4760 995 4825 si
1027 4760 1196 4827 consulitis
1227 4762 1314 4846 quod
1344 4761 1469 4826 dictum
