3609 5800
458 917 706 972 unusrmrrvu
729 921 774 969 or
794 921 863 970 rus
885 921 992 970 arros
1015 922 1059 970 or
1083 923 1202 972 unsar
1226 923 1274 973 111.
1322 909 1382 972 151

389 1090 473 1162 Cum
495 1095 600 1182 igitur
622 1095 805 1162 Ademarus
826 1095 929 1163 frater
958 1101 1070 1162 noster
1090 1097 1248 1177 uterinus,
1272 1099 1329 1183 qui
1351 1119 1385 1162 se

343 1198 431 1285 gerit
462 1220 521 1284 pro
553 1197 704 1286 episcopo
726 1197 957 1278 wintoniensi,
978 1219 1116 1286 regnum
1147 1205 1298 1266 nostrum
1329 1222 1386 1266 vo·

345 1301 489 1389 luntarie
519 1302 565 1366 sit
598 1323 754 1389 egressus,
776 1303 869 1388 cujus
895 1303 1103 1390 praesentiam
1126 1302 1189 1368 etsi
1215 1303 1291 1390 jure
1312 1324 1386 1389 pro-

343 1403 540 1490 pinquitatis
562 1427 630 1491 qua
649 1405 745 1470 nobis
766 1405 897 1483 attinet,
920 1405 985 1470 nisi
1012 1405 1232 1483 demeruisset,
1256 1405 1386 1472 debere-

340 1527 415 1571 mus
437 1506 621 1594 specialiter
652 1506 814 1586 affectare,
845 1529 1049 1574 communem
1081 1513 1193 1574 tamen
1224 1509 1318 1596 regni
1351 1515 1385 1575 et

339 1609 444 1695 plebis
480 1610 687 1678 commodum
723 1609 866 1676 utilitati
906 1609 1035 1698 praefati
1074 1610 1263 1697 A[domari]
1302 1633 1385 1698 prae-

338 1733 460 1800 ponere
490 1713 666 1800 cupientes,
697 1713 907 1778 sanctitatem
941 1717 1086 1779 vestram
1118 1713 1290 1778 affcctione
1320 1737 1386 1800 que

338 1837 510 1901 possumus
531 1814 729 1901 requirimus
750 1822 785 1882 et
807 1835 968 1902 rogamus,
986 1819 1150 1902 quatenus
1173 1816 1217 1882 ad
1237 1821 1384 1882 nostram

338 1922 373 1983 et
394 1919 487 2006 regni
508 1920 614 1986 nostri
636 1919 911 2005 tranquillitatem
934 1925 969 1985 et
991 1919 1033 1984 ad
1056 1919 1232 1985 vitandum
1254 1941 1385 1986 enorme

337 2016 537 2107 periculuml
561 2023 650 2109 quod
670 2021 767 2087 nobis
789 2027 824 2088 et
845 2043 946 2109 regno
968 2026 1081 2088 nostro
1103 2022 1268 2088 occasione
1284 2023 1386 2109 ipsius

339 2130 449 2211 posset
469 2125 649 2204 imminere,
671 2125 867 2212 praedictum
900 2125 1039 2192 fratrem
1070 2132 1218 2192 nostrum
1254 2127 1296 2192 ed
1328 2126 1386 2190 ali-

338 2248 434 2312 quem
466 2228 570 2293 elium
603 2229 720 2309 locum,
750 2228 809 2294 ubi
842 2229 912 2293 sine
946 2235 1059 2294 nostra
1090 2235 1124 2293 et
1155 2229 1248 2315 regni
1278 2229 1386 2294 nostri

339 2330 529 2396 turbatione
551 2331 663 2396 valeat
684 2331 863 2412 immorari,
887 2352 929 2395 ex
960 2330 1058 2396 solite
1092 2331 1385 2418 sedisapostolicae

340 2433 514 2498 clementia
546 2434 723 2500 transferre
744 2433 864 2512 velitis,
895 2440 935 2500 ut
958 2453 1000 2498 ex
1033 2438 1145 2498 vestro
1175 2433 1384 2519 eiromnspec-

341 2536 431 2600 tione
462 2536 550 2601 felici
581 2538 675 2624 regni
706 2537 935 2624 gubernacula,
959 2559 1032 2622 qum
1054 2537 1116 2600 sub
1141 2536 1384 2621 tranquillitate

337 2637 381 2703 ab
402 2640 497 2704 annis
518 2640 640 2705 teneris
663 2641 706 2704 ad
727 2643 878 2726 tempora
890 2639 1048 2704 moderna
1061 2637 1194 2704 consilio
1217 2643 1252 2702 et
1273 2637 1385 2702 favore

340 2740 483 2806 ecclesiae
505 2742 673 2808 Romanae
693 2742 899 2822 deduximus,
923 2741 982 2806 in2
1012 2739 1232 2808 contentionis
1261 2742 1384 2806 incom-

339 2843 474 2910 modum
496 2851 532 2911 et
553 2843 684 2911 discidii
713 2846 894 2933 periculum
923 2845 975 2911 his
1005 2844 1122 2911 diebus
1151 2865 1286 2931 vergere
1316 2865 1383 2909 non

339 2948 498 3035 cogatur.8
558 2949 637 3028 Nec,
669 2950 698 3013 si
725 2950 842 3035 placet,
874 2948 1083 3014 adulantium
1120 2947 1383 3037 suggestionibus

337 3050 485 3131 nodam,
508 3052 565 3137 qui
587 3051 710 3137 priores
733 3052 844 3117 literas
873 3056 1004 3118 nostras
1026 3052 1121 3117 vobis
1142 3051 1221 3117 inde
1243 3052 1384 3116 directas

337 3158 457 3238 praeter
493 3158 641 3219 nostram
678 3154 913 3220 conscientiam
951 3160 985 3219 et
1023 3160 1138 3220 contra
1174 3154 1384 3221 voluntatem

337 3257 460 3342 regiam
482 3278 650 3321 emanasse
672 3256 851 3337 dixenmt;
877 3256 957 3343 quia
986 3278 1156 3343 nunquam
1179 3256 1273 3323 vobis
1302 3256 1383 3321 adeo

336 3359 449 3424 acerbe
471 3359 669 3446 scripsimus,
691 3359 771 3445 quin
794 3360 899 3425 cordis
932 3360 1038 3425 nostri
1071 3359 1249 3425 visceribus
1278 3360 1384 3424 artius

336 3461 531 3543 iuhaereret3
561 3463 805 3548 propterquod
837 3483 906 3530 non
937 3462 1043 3529 solum
1066 3462 1237 3529 affectione
1259 3462 1384 3527 carnali

336 3586 394 3629 nos
417 3568 568 3652 augente,
591 3586 706 3629 verum
730 3566 831 3629 etiam
861 3565 1049 3631 imminenti
1079 3566 1173 3652 gravi
1196 3564 1382 3630 discrimine

336 3672 369 3731 et
390 3667 464 3731 aliis
486 3666 812 3733 incommoditatibus
845 3668 1019 3754 praedictis,
1043 3689 1117 3753 quse
1149 3689 1203 3733 cor
1233 3672 1382 3733 nostrum

335 3790 402 3833 non
440 3770 648 3836 mediocriter
681 3770 864 3835 exuberent
894 3776 929 3835 et
962 3769 1171 3849 conturbant,
1208 3770 1383 3857 diligenter

335 3873 482 3950 attentis,
505 3872 669 3937 malumus
698 3876 734 3937 et
762 3877 943 3958 spontanea
966 3874 1137 3938 voluntate
1160 3872 1383 3972 praeelegimus

335 3975 480 4039 fraterna
507 3997 615 4039 carere
648 3976 834 4061 praesentia,
856 3996 955 4061 quam
978 3974 1038 4041 <aa⁴
1068 3975 1134 4039 frui
1165 3975 1262 4040 solito
1293 3996 1382 4038 more

335 4098 392 4163 per
426 4078 514 4163 quod
547 4076 643 4141 nobis
676 4082 711 4142 et
742 4098 842 4162 regno
876 4083 989 4142 nostro
1021 4084 1056 4143 et
1089 4078 1232 4143 consorti
1261 4082 1381 4141 nostrae

334 4178 510 4265 liberisque
533 4180 663 4257 nostrie,
687 4202 708 4243 a
730 4178 851 4264 quibus
882 4185 1003 4245 nostrae
1036 4180 1198 4267 dependet
1227 4178 1379 4243 solatium

335 4281 554 4361 recreationis,
607 4280 776 4347 intestina
828 4282 1031 4347 turbationis
1085 4281 1237 4369 angustia
1284 4280 1381 4345 relin-

335 4390 463 4469 quatur.

362 4653 530 4719 ¹periculum]
560 4654 712 4715 scandalum,
736 4656 829 4715 erased,
914 4656 923 4685 ³
940 4654 1052 4719 rogatur]
1073 4654 1108 4704 So
1120 4654 1176 4705 MS.

915 4733 982 4798 ἰα]
1013 4734 1018 4751 ¹
1047 4732 1103 4783 MS.

329 4734 378 4786 MS

383 4771 391 4785 .
1001 4733 1035 4785 bo

363 4815 374 4843 ²
390 4814 430 4879 iu]
449 4828 509 4874 non,
520 4812 575 4863 MS
