3609 5800
432 844 497 906 254
587 855 702 907 norun
723 857 796 907 mn
819 856 935 905 ornus
958 853 1162 905 n1sron1csu
1186 856 1331 906 usrruns

262 1060 323 1095 over
333 1045 375 1095 the
429 1032 466 1093 in
490 1029 586 1095 brevi
618 1029 759 1095 transire
791 1038 988 1118 proponunt,
1014 1054 1088 1098 cum
1119 1032 1213 1119 equis
1247 1038 1282 1098 et
1314 1032 1415 1096 armis
1448 1037 1483 1095 et

261 1111 502 1243 &gffffltoto
525 1153 619 1218 posse
653 1152 712 1197 suo
744 1133 787 1197 ad
820 1134 1079 1221 aggrediendum
1111 1132 1279 1201 hostiliter
1312 1158 1379 1200 uno
1408 1155 1484 1198 cum

261 1246 377 1296 atfflou-
429 1234 595 1300 Lewelino
632 1234 703 1297 filio
742 1233 873 1300 Griffini
909 1240 944 1301 et
980 1236 1196 1324 complicibus
1234 1237 1302 1301 suis
1341 1235 1483 1299 inimicis

262 1319 349 1363 m·
429 1337 551 1403 nostris
595 1336 752 1402 dilectum
797 1342 832 1403 et
875 1338 1007 1403 fidelem
1050 1344 1201 1415 nostrum
1240 1338 1405 1425 Rogerum
1442 1338 1486 1402 de

430 1440 563 1506 Mortuo
582 1438 677 1518 Mari,
701 1443 735 1504 et
757 1440 801 1504 ad
823 1439 1040 1506 obsidendum
1063 1446 1172 1507 cestre
1194 1463 1253 1506 sus
1275 1441 1484 1527 inpartibus

381 1591 385 1603 .
429 1542 592 1621 msrchiae,
625 1541 669 1606 ad
697 1562 799 1628 greve
833 1542 991 1608 domnum
1025 1543 1129 1631 ipsius
1153 1542 1276 1633 Rogeri
1308 1550 1342 1609 et
1372 1543 1484 1609 turbs-

428 1644 554 1711 tionem
587 1643 680 1731 regni
713 1643 822 1710 nostri
857 1644 1078 1727 manifestam,
1101 1645 1196 1711 vobis
1219 1647 1414 1711 mundemus
1446 1645 1483 1711 in

380 1794 391 1805 .
429 1747 494 1813 fide
519 1754 553 1813 et
583 1745 737 1833 homagio
769 1746 889 1833 quibus
923 1747 1019 1813 nobis
1053 1749 1223 1827 tenemini,
1247 1755 1281 1814 et
1314 1749 1375 1815 sub
1407 1768 1483 1815 con-

428 1850 567 1915 fidentia
588 1871 688 1936 quom
718 1850 760 1914 de
794 1850 888 1916 vobis
922 1850 1066 1938 gerimus
1088 1849 1231 1917 firmiter
1264 1851 1481 1939 injungentes,

429 1958 591 2040 quatenus
629 1974 742 2018 omnes
779 1958 896 2039 pontes
934 1974 1032 2039 super
1070 1974 1189 2039 aquam
1228 1952 1359 2019 Sabinae
1397 1952 1483 2018 infru

428 2056 586 2121 ballivum
601 2060 746 2121 vestram
768 2076 826 2142 per
847 2077 930 2142 quos
953 2055 1115 2121 transitus
1138 2056 1310 2143 adportes
1331 2055 1482 2121 marchiso
1618 2069 1620 2073 ’

428 2159 501 2224 fieri
523 2158 637 2245 possit,
660 2162 798 2245 excepto
821 2162 922 2245 ponte
939 2156 1164 2239 Gloucestriae,
1180 2181 1277 2246 quem
1300 2158 1391 2225 salvo
1414 2180 1484 2225 cus·

428 2261 530 2326 todiri
553 2267 587 2326 et
608 2260 733 2325 muniri
755 2258 893 2339 faciatis,
907 2280 950 2325 ne
972 2258 1076 2346 ntiqui
1098 2260 1221 2325 ibidem
1246 2266 1419 2326 transeant
1441 2260 1483 2325 ad

429 2364 586 2429 domnum
617 2370 777 2440 nostrum,
805 2362 894 2428 dirui
918 2368 952 2427 et
974 2363 1149 2448 prosterni,
1182 2368 1217 2428 et
1248 2363 1350 2429 etium
1373 2384 1483 2428 omnes

428 2466 575 2545 botellos,
598 2466 738 2553 borgias,
761 2469 796 2530 et
818 2486 923 2531 neves
945 2464 1112 2552 submergi
1144 2471 1178 2531 et
1199 2464 1318 2552 frangi,
1341 2472 1375 2532 et
1398 2465 1484 2531 vedu

430 2574 464 2634 et
485 2568 636 2656 passagia
658 2591 716 2655 per
751 2590 825 2655 quae
856 2566 1047 2653 hujusmodi
1080 2566 1243 2633 transitus
1277 2567 1350 2633 fieri
1381 2568 1483 2656 possit

429 2694 544 2738 versus
575 2676 684 2759 partes
714 2671 889 2757 praedictas
921 2668 1074 2735 similiter
1108 2670 1234 2735 obstrui
1263 2668 1404 2750 fecistis,
1435 2672 1485 2737 itu

430 2778 526 2840 ceute
548 2780 582 2839 et
600 2772 832 2859 circumspecte
848 2771 936 2860 quod
954 2771 1124 2837 securitati
1144 2778 1269 2840 nostrae
1290 2777 1325 2839 et
1339 2773 1483 2861 partium

430 2876 571 2954 illamm,
593 2896 721 2941 necnon
743 2874 958 2940 indemnitati
980 2874 1111 2961 preefoti
1135 2875 1255 2964 Rogeri
1286 2877 1328 2941 ed
1350 2874 1485 2963 plenum

430 2979 656 3066 prospiciatur,
679 2977 792 3043 taliter
821 2999 881 3043 vos
911 2975 1071 3043 habentes
1103 2978 1139 3043 in
1173 2976 1234 3044 hac
1267 2983 1361 3066 parte
1396 2981 1483 3065 quod

430 3082 764 3167 circumspectionem,
795 3081 1001 3162 fidelitatem,
1033 3086 1068 3145 et
1105 3081 1309 3169 diligentium
1340 3087 1482 3148 vestram

430 3183 549 3249 merito
572 3183 798 3249 commendare
821 3183 1003 3248 debeamus.

475 3285 572 3352 Teste
608 3309 686 3374 rege
722 3285 929 3352 Alemanniee
947 3293 951 3310 '
966 3285 1068 3352 fratre
1104 3287 1191 3373 regis
1228 3287 1317 3373 apud
1349 3287 1483 3354 Winde-

429 3411 545 3469 soram,
575 3394 693 3475 quarto
728 3388 780 3455 die
813 3388 1006 3469 Februarii3
1043 3411 1101 3476 per
1139 3389 1340 3455 Edwardum
1377 3390 1482 3455 filium

430 3493 525 3580 regis,
551 3492 732 3558 Henricum
754 3492 860 3558 filium
883 3491 970 3579 regis
993 3491 1205 3558 Alemanniae.

475 3595 601 3660 Eodem
630 3597 727 3660 modo
757 3595 950 3660 mundatum
972 3598 1024 3660 est
1046 3594 1191 3660 Hemoni
1214 3593 1375 3660 Estruneo
1397 3594 1482 3658 vice-

429 3696 543 3764 comiti
574 3697 717 3784 Selopiae
748 3701 783 3762 et
815 3697 1013 3773 Steffordiae,
1047 3702 1087 3760 ut
1117 3717 1225 3782 supra,
1258 3701 1396 3783 excepta
1425 3696 1483 3760 illo

429 3799 606 3878 additione,
626 3801 768 3888 Eocepto
785 3805 899 3887 ponte,
916 3804 974 3864 etc
1021 3798 1146 3864 Eodem
1167 3799 1265 3864 modo
1287 3801 1480 3864 mandatum

430 3909 481 3968 est
511 3901 678 3967 Willelmo
710 3903 751 3967 de
785 3901 879 3968 Bello
912 3901 1037 3988 Campo
1071 3899 1257 3967 vicecomiti
1289 3899 1479 3988 Wigorniae,

430 4011 499 4084 etc,
522 4005 663 4092 coepto
680 4009 794 4092 ponte,
816 4008 876 4070 etc
