3609 5800
383 846 632 901 nnusrnrrrvn
655 850 699 898 or
722 849 792 899 ran
816 850 925 901 aaron
947 852 992 900 or
1013 852 1135 903 sarar
1158 852 1207 901 111.
1276 841 1318 903 65

270 1020 454 1089 habuerant
488 1024 524 1089 in
556 1029 720 1111 potestate
743 1030 857 1091 nostra
887 1046 1087 1113 recuperare,
1111 1032 1146 1091 et
1167 1025 1321 1090 similiter

269 1121 418 1191 homines
453 1126 559 1192 nostri
592 1126 629 1191 in
660 1132 826 1213 potestate
864 1135 977 1193 vestra
1014 1130 1103 1215 apud
1141 1128 1320 1193 Bcrvcdlac

269 1229 374 1292 terras
404 1248 480 1293 suas
510 1228 631 1294 habere
666 1228 829 1296 deberent.
877 1230 975 1311 Quod
999 1232 1133 1317 quidem
1156 1276 1318 1297 ......

269 1326 352 1394 bene
396 1334 507 1397 aetum
538 1330 611 1410 suit,
646 1336 681 1397 et
714 1332 882 1418 utrimque
920 1333 1070 1399 homines
1107 1339 1177 1398 tam
1213 1331 1318 1396 vestri

269 1450 369 1514 quam
402 1434 509 1499 nostri
542 1434 578 1499 in
611 1433 697 1499 bona
729 1455 807 1519 paee
830 1438 1003 1501 steterunt
1049 1436 1196 1500 Tandem
1232 1454 1320 1498 anno

269 1534 438 1616 praeterito
483 1535 637 1601 dominus
682 1535 706 1601 J
708 1534 853 1601 ohannes
899 1536 940 1602 de
986 1537 1084 1623 Grey,
1115 1535 1321 1623 justiciarius

268 1638 385 1713 vester,
400 1637 597 1703 nescivimus
619 1688 1057 1705 ...............
1080 1644 1210 1703 nostros
1231 1638 1321 1724 apud

268 1735 393 1801 dictum
415 1738 523 1804 locum
546 1740 643 1803 terris
676 1744 711 1805 et
744 1740 842 1805 blado
872 1740 1005 1825 penitus
1031 1740 1239 1822 disseisiavit,
1262 1762 1321 1804 nec

267 1843 424 1923 poterunt
450 1839 570 1905 habero
591 1840 727 1907 bladum
751 1863 847 1905 suum
872 1890 1002 1908 .....
1025 1841 1224 1929 imponendo
1247 1863 1322 1906 cum

267 1939 358 2027 ipso;
392 1941 489 2008 etde
512 1943 610 2008 terris
632 1944 701 2008 suis
724 1949 802 2009 sunt
831 1964 938 2029 usque
975 1992 1321 2011 ............

267 2093 489 2111 ........
513 2045 631 2123 uimus,
668 2045 780 2110 literas
816 2050 942 2126 vostras
973 2046 1200 2112 habuissemus
1233 2047 1322 2111 dicto

262 2141 449 2227 justitiario
488 2146 629 2213 directas
660 2146 702 2211 de
740 2147 950 2213 restitutione
982 2148 1171 2213 hominibus
1202 2148 1322 2212 vestris

268 2266 366 2333 super
410 2249 578 2334 praedictis
622 2248 799 2330 facienda3
844 2248 972 2313 nullam
1015 2255 1128 2315 tamen
1164 2255 1321 2335 poterunt

267 2346 416 2414 homines
450 2400 1106 2417 ......................
1130 2350 1188 2415 sed
1210 2352 1321 2436 potius

266 2448 375 2515 dictus
399 2450 605 2535 justiciarius
633 2450 751 2517 frivole
774 2457 889 2517 eontra
911 2474 971 2517 nos
993 2451 1187 2538 excipiebat,
1210 2451 1321 2516 dicens

265 2553 354 2637 quod
376 2553 461 2617 nihil
476 2552 605 2634 faceret,
621 2552 686 2619 nisi
709 2552 872 2620 Maredud
894 2554 983 2618 filius
1006 2553 1141 2619 Ricardi
1164 2553 1205 2617 de
1220 2554 1321 2638 Heyn

264 2644 402 2720 haberet
423 2656 582 2741 quasdam
598 2660 702 2721 terras
723 2677 805 2741 quas
828 2661 936 2721 mater
950 2660 1064 2721 nostra
1086 2655 1248 2721 habuerat
1262 2676 1320 2742 pro

266 2756 344 2822 dote
375 2758 474 2844 longo
506 2762 663 2844 tempore,
685 2764 720 2824 ct
742 2759 825 2824 alias
857 2758 1041 2845 dequibus
1064 2780 1132 2823 non
1154 2758 1262 2823 fuerat
1284 2758 1321 2822 in

264 2857 369 2924 forma
390 2858 479 2946 pacis
502 2858 658 2946 praedicta
672 2860 798 2926 mentio
821 2860 914 2927 facta
961 2859 1070 2941 Quare
1085 2859 1180 2926 vobis
1202 2880 1242 2926 ea
1256 2882 1321 2946 qua

232 2977 233 2982 ’
264 2983 438 3048 possumus
461 2961 637 3028 devotione
651 2963 878 3049 supplicamus,
894 2968 1065 3048 quatenus,
1079 2961 1109 3026 si
1131 2964 1246 3046 placet,
1261 2983 1321 3047 pro

264 3084 374 3128 amore
397 3068 432 3129 et
464 3063 600 3130 servitio
632 3069 747 3130 nostro
777 3064 901 3130 dietam
923 3063 1062 3128 formam
1094 3085 1170 3150 erga
1202 3085 1263 3128 nos
1285 3070 1321 3128 ct

265 3170 392 3232 nostros
413 3166 609 3252 reintegrari
632 3165 782 3247 faciatis3
804 3166 883 3251 quia
904 3165 972 3231 fere
985 3187 1044 3252 per
1066 3187 1191 3230 annum
1212 3165 1318 3230 homi-

264 3288 324 3330 nes
345 3267 451 3332 nostri
474 3267 564 3332 omni
586 3257 754 3333 commodo
777 3272 811 3332 et
834 3268 983 3332 utilitate
1002 3272 1163 3333 terrarum
1185 3289 1318 3332 suarum

264 3373 344 3433 sunt
366 3368 506 3456 spoliati.

310 3471 355 3536 Et
377 3469 454 3536 licet
476 3471 576 3536 multi
610 3471 706 3536 nobis
737 3471 916 3537 suaderent
938 3471 1108 3536 Walenses
1130 3476 1259 3536 vestros
1281 3472 1317 3536 in

263 3577 427 3660 potestate
442 3578 556 3638 nostra
570 3577 675 3639 terras
690 3573 858 3653 habentes,
875 3573 1020 3638 maxime
1035 3572 1197 3638 Maredud
1211 3574 1317 3638 filium

263 3674 405 3754 Ricardi,
429 3676 488 3761 qui
510 3675 551 3740 de
573 3675 703 3762 magnis
727 3675 824 3740 terris
847 3697 928 3761 quas
950 3681 1043 3741 tenet
1067 3675 1108 3740 de
1130 3675 1226 3740 nobis
1249 3697 1317 3740 non

261 3777 439 3864 respondet
463 3778 558 3843 nobis
580 3779 617 3842 in
648 3778 769 3863 aliquo,
794 3776 986 3857 disseisisre,
1016 3776 1168 3842 volumus
1193 3783 1316 3854 tamen,

260 3881 349 3946 sicut
380 3880 543 3957 debemus,
573 3879 667 3945 vobis
692 3885 853 3966 tanquam
895 3878 1027 3944 domino
1058 3885 1172 3945 nostro
1205 3885 1316 3945 totum

259 3983 418 4048 honorem
440 3982 580 4060 differre,
610 3987 779 4070 sperantes
801 3982 889 4067 quod
911 3982 1028 4047 audita
1049 3981 1181 4067 querela
1202 3988 1316 4046 nostra

260 4091 332 4150 tam
365 4106 450 4172 saepe
484 4106 542 4170 per
575 4104 635 4150 vos
665 4083 754 4170 ipsos
791 4083 919 4170 n[0bis]
959 4089 995 4150 et
1038 4084 1160 4148 nostris
1189 4083 1315 4149 facietis

258 4186 391 4274 plenam
408 4186 577 4272 justitiam
600 4185 755 4252 exhiberi.

305 4289 344 4354 Si
364 4309 443 4354 vero
466 4288 573 4354 dictus
589 4287 750 4353 Maredud
765 4287 819 4354 vel
841 4288 961 4374 aliquis
982 4289 1066 4353 alius
1088 4309 1196 4352 coram
1219 4288 1313 4352 vobis

258 4390 425 4477 querelam
471 4391 615 4478 deponat
661 4391 702 4454 de
747 4390 850 4466 nobis,
895 4390 1004 4476 parati
1048 4411 1161 4454 sumus
1205 4389 1310 4454 eidem
1435 4441 1439 4448 .

257 4493 439 4559 secundum
461 4493 566 4579 legem
582 4491 721 4568 Walh'ae,
744 4492 829 4556 sicut
851 4491 1070 4578 contin[etur]
1094 4493 1130 4555 in
1151 4491 1311 4578 praedicta

255 4596 372 4676 forma,
396 4596 432 4660 in
454 4595 526 4660 loco
549 4594 749 4680 competenti
779 4595 815 4658 in
838 4595 982 4660 marchia
1003 4600 1115 4660 vestra
1137 4601 1173 4660 ct
1198 4599 1311 4658 nostra

255 4695 445 4762 satisfacere
476 4696 646 4762 humiliter·
677 4701 711 4762 et
744 4697 884 4776 devote3
923 4697 1010 4782 quod
1048 4696 1182 4781 quidem
1210 4717 1311 4781 saepe

349 4815 423 4863 von
448 4815 483 4862 11.
1154 4815 1176 4862 a
