3609 5800
429 913 679 967 muuernsrrvn
705 916 748 967 οι
775 916 844 969 run
870 918 979 969 ames
1003 919 1047 971 or
1070 920 1192 973 umas
1219 922 1272 973 ιιι
1335 908 1377 975 93

372 1094 459 1175 Quia
475 1093 591 1180 jurata
611 1097 723 1159 vestro
747 1094 854 1181 primo
878 1094 932 1161 die
954 1103 1090 1185 propter
1118 1098 1284 1165 essonium
1306 1120 1378 1187 capr
1368 1091 1509 1144 1⁰²¹²¹¹⁰²

325 1220 394 1265 non
417 1220 458 1317 pq
460 1198 528 1265 tuit
561 1196 615 1262 die
637 1196 774 1283 praefixo
795 1197 891 1264 vobis
914 1203 948 1263 et
981 1200 1071 1286 parti
1093 1206 1221 1281 vestrae,
1251 1224 1378 1268 moram
1391 1161 1527 1278 efflare&

327 1300 408 1367 facio
445 1302 482 1365 in
512 1299 663 1387 partibus
700 1299 864 1367 Dorsetiae
899 1323 1006 1389 usque
1043 1302 1087 1368 ad
1125 1302 1214 1371 diem
1241 1306 1380 1371 Veneris
1392 1293 1528 1426 {1¹¹3de

326 1404 509 1492 proximam
547 1407 623 1491 post
671 1402 793 1469 lesbum
840 1404 872 1471 S.
912 1404 993 1471 Bart
993 1405 1152 1474 holomrei.
1213 1407 1260 1475 Et
1303 1431 1420 1478 cumn
1430 1428 1504 1479 Ιιιιι
1472 1378 1520 1480 ιιι

327 1506 480 1573 dominus
501 1528 561 1572 rex
585 1506 766 1593 scripsisset
796 1506 878 1573 mihi
901 1508 991 1595 quod
1018 1508 1189 1577 mitterem
1211 1512 1242 1577 ei
1275 1532 1381 1578 recor·
1365 1502 1506 1613 ³³⁰3}ssy

327 1611 407 1677 dum
438 1611 528 1676 inter
560 1606 775 1675 Godefridum
809 1610 850 1677 de
873 1610 1036 1697 Gamsges
1066 1618 1101 1679 et
1135 1612 1314 1681 Ricardum
1338 1614 1379 1680 de
1392 1628 1509 1681 Ιιιιιιοι.

328 1713 492 1779 Tunderle
525 1714 567 1779 de
597 1712 771 1781 Trewerne
805 1717 839 1780 et
873 1714 915 1779 de
947 1714 1089 1794 Bokred,
1122 1722 1163 1783 ut
1199 1716 1378 1783 secundum
1392 1696 1523 1829 Tffp‘ff

327 1816 411 1883 illud
432 1838 490 1934 per
512 1815 654 1902 aliquem
677 1838 718 1881 ex
741 1816 809 1881 suis
831 1816 904 1883 fieri
929 1815 1052 1884 faceret
1084 1818 1161 1885 inde
1192 1819 1379 1907 inquisitio·
1392 1846 1441 1895 pon
1425 1834 1499 1882 ιιιι
1500 1830 1548 1882 nial

328 1940 405 1985 nem
436 1920 471 1986 in
494 1918 645 2007 partibus
667 1918 742 1999 illis,
766 1917 956 1987 discretioni
979 1927 1098 1989 vestrm
1121 1922 1269 2009 significo
1290 1924 1458 2015 quodaper
1392 1898 1548 1964 “fm‘ssh'

328 2025 406 2109 quia
436 2022 545 2087 iturus
577 2020 626 2087 fui
655 2021 699 2088 ad
732 2026 843 2109 partes
876 2021 1131 2110 longinquaset
1116 2025 1311 2091 tdiversas
1342 2032 1491 2092 accbnelm
1466 1982 1527 2093 mir

328 2125 531 2215 periculosas,
555 2123 631 2189 misi
659 2123 786 2191 rotulos
808 2144 897 2190 meos
919 2146 1024 2213 usque
1048 2125 1255 2194 Londoniam
1276 2128 1464 2218 (ιοιιιιΝΜΟ
1393 2098 1433 2151 ΠΟ
1419 2100 1539 2151 'm

328 2230 491 2297 venissem
514 2226 646 2294 ibidem.
689 2227 735 2294 Et
757 2232 798 2293 ut
818 2226 956 2293 reddum
969 2249 1030 2295 vos
1051 2230 1214 2309 certiores,
1230 2252 1290 2318 ριο
1305 2237 1381 2298 rato

328 2332 478 2399 habeatis
497 2332 586 2419 quod
608 2352 667 2419 per
684 2330 845 2417 judicium
861 2332 962 2399 euris
975 2331 1101 2399 domini
1122 2335 1208 2421 regis
1222 2339 1258 2401 et
1271 2354 1380 2401 coram

330 2435 508 2523 majoribus
531 2434 572 2501 de
586 2434 678 2501 curia
699 2455 765 2512 sua,
781 2433 912 2521 loquela
932 2433 1018 2502 bene
1033 2435 1141 2503 decisa
1161 2437 1251 2503 inter
1267 2442 1380 2525 partes

329 2562 389 2627 per
425 2539 700 2625 interrogationes
722 2540 757 2603 et
794 2538 1029 2625 responsiones,
1061 2539 1168 2605 omnis
1205 2540 1380 2628 inquisitio

330 2642 419 2730 cepit
441 2642 633 2707 dilationem
655 2662 758 2727 usque
780 2640 816 2705 in
840 2641 1009 2729 quindena
1023 2641 1055 2707 S.
1079 2640 1249 2709 Michaelis
1272 2664 1380 2709 coram

331 2746 464 2811 domino
486 2766 571 2831 rege,
593 2743 743 2831 pluribus
765 2744 957 2823 rationibus,
980 2744 1046 2811 nisi
1068 2746 1248 2833 anticipare
1270 2746 1382 2811 velitis

331 2849 427 2930 diem,
462 2846 559 2936 quod¹
584 2847 624 2912 de
650 2846 726 2932 jure
757 2868 824 2912 non
854 2845 1014 2933 poteritis,
1044 2847 1168 2914 scilicet
1202 2849 1281 2935 quia
1308 2853 1382 2914 tota

329 2952 460 3038 loquela
481 2950 607 3016 recondi
628 2949 718 3015 illius
740 2949 903 3036 dependet
926 2950 967 3016 de
990 2951 1134 3038 quadam
1155 2951 1259 3018 assisa
1286 2973 1382 3018 novoe

331 3054 511 3120 disseisinae
533 3056 630 3140 cepta
652 3052 688 3116 in
710 3051 860 3138 pertibus
882 3051 958 3130 illis,
981 3053 1073 3139 cujus
1091 3053 1211 3140 judicii
1231 3054 1382 3119 executio

331 3156 561 3243 qualicumque
584 3155 681 3220 modo
712 3175 770 3244 per
800 3153 917 3220 brevia
947 3155 1072 3222 domini
1105 3157 1192 3243 regis
1223 3157 1383 3243 impedita

331 3265 392 3326 est.
440 3258 486 3326 Et
515 3257 595 3343 quia
623 3278 680 3343 per
710 3261 833 3322 cartam
864 3278 964 3343 quam
999 3256 1146 3344 Rogerus
1176 3259 1217 3324 de
1247 3258 1383 3346 Thorny

331 3361 472 3450 protulit
493 3361 530 3435 in
548 3359 675 3446 judicio
695 3361 956 3446 proesumebatur
977 3360 1065 3446 quod
1081 3359 1266 3427 willelmos
1288 3367 1384 3448 pater

332 3463 482 3554 praedicti
506 3461 674 3528 Godefridi
696 3459 781 3527 nihil
806 3461 926 3528 habuit
948 3462 985 3526 in
1007 3463 1174 3549 praedictis
1196 3465 1302 3541 terris,
1319 3465 1383 3529 nisi

333 3566 375 3630 de
396 3565 498 3630 bailio
521 3565 640 3652 Rogeri
664 3564 720 3629 avi
742 3562 892 3652 praedicti
917 3564 1048 3652 Rogeri,
1071 3569 1106 3630 et
1127 3586 1187 3652 pro
1209 3567 1382 3632 voluntate

332 3691 400 3746 sua,
434 3674 469 3735 et
498 3669 547 3734 ita
580 3667 709 3733 nullum
746 3667 887 3733 liberum
926 3671 1161 3747 tenementum,
1197 3691 1258 3736 nec
1293 3670 1383 3736 idem

334 3770 531 3838 Godefridus
546 3775 659 3858 postea
673 3768 758 3836 nihil
775 3769 860 3855 juris
883 3770 930 3834 ibi
953 3769 1079 3850 habuit,
1102 3771 1167 3838 nisi
1189 3772 1272 3838 illud
1296 3774 1383 3861 quod

333 3879 426 3962 pater
466 3895 543 3940 suus
582 3873 707 3950 habuit,
746 3894 806 3938 nec
847 3877 1037 3940 attornatus
1074 3875 1176 3963 ipsius
1214 3875 1384 3942 Godefridi

333 3976 442 4044 voluit
471 3983 553 4043 tunc
581 3974 866 4060 ostenderequod
899 3975 1026 4062 aliquid
1047 3977 1134 4063 juris
1163 3978 1226 4043 sibi
1256 3979 1382 4058 babuit,

332 4101 394 4145 nec
416 4079 525 4166 aliquo
551 4077 617 4145 alic
643 4078 740 4144 modo
762 4099 861 4164 quam
883 4083 979 4164 pater
1000 4101 1087 4158 suus,
1108 4079 1174 4146 nisi
1203 4080 1383 4167 simplicem

333 4203 447 4248 vocem
485 4203 588 4259 suam,
621 4201 681 4268 per
718 4201 818 4266 quam
852 4180 983 4246 dicebat
1015 4182 1103 4268 quod
1134 4183 1244 4248 tenuit
1275 4188 1383 4249 totam

333 4291 457 4350 terram
487 4285 579 4349 illam
610 4283 650 4349 de
674 4283 805 4348 domino
835 4305 912 4370 rege
941 4284 977 4348 in
1007 4286 1134 4372 copite;
1165 4289 1199 4350 et
1230 4286 1384 4352 similiter

332 4387 413 4474 quin
434 4386 522 4452 idem
539 4386 685 4473 Rogems
698 4385 894 4473 perquisivit
916 4386 1017 4451 breve
1038 4388 1266 4453 conventionis
1287 4410 1384 4476 super

331 4493 442 4578 ipsum
482 4488 695 4556 Godefridum
742 4489 782 4552 de
828 4493 901 4554 tota
946 4494 1035 4554 terra
1080 4491 1239 4577 praedicta
1276 4514 1383 4557 coram

330 4593 468 4659 domino
504 4613 589 4677 rege,
634 4597 669 4656 et
716 4589 913 4656 Godefridus
950 4612 1018 4657 non
1055 4594 1157 4671 venit,
1194 4599 1229 4659 et
1265 4601 1383 4660 uotum

329 4695 458 4760 factum
485 4694 550 4758 fuit
577 4693 675 4759 curiae
710 4692 798 4778 quod
829 4694 1031 4759 consuetudo
1065 4695 1181 4781 patriae
1213 4703 1264 4763 est
1295 4697 1406 4783 quod,

330 4796 475 4884 quilibet
497 4796 582 4861 alter
604 4794 722 4861 debeat
741 4795 935 4881 respondere
958 4795 999 4860 de
1025 4798 1242 4863 conventione
1256 4805 1291 4864 et
1309 4802 1383 4866 aliis
