3609 5800
410 888 664 945 moereantur
686 890 731 941 or
753 890 824 941 rna
846 888 955 943 aaron
978 890 1023 941 or
1051 891 1173 943 unuar
1195 894 1245 945 ιη
1315 882 1357 947 13

298 1068 400 1136 Unde
436 1068 466 1133 si
502 1070 704 1133 memoratus
741 1066 914 1155 episeopus
951 1066 1160 1133 voluntatem
1202 1068 1358 1135 habuerit

296 1171 488 1237 revertendi
510 1175 546 1236 et
568 1170 604 1235 in
626 1190 728 1257 regno
749 1174 866 1235 nostro
888 1170 1120 1251 commorandi,
1145 1170 1228 1237 bene
1251 1172 1358 1259 placet

297 1274 395 1340 nobis
425 1272 531 1361 ipsius
565 1272 742 1352 adventus,
765 1292 826 1337 neo
855 1270 920 1337 erit
950 1274 1008 1358 qui
1038 1274 1147 1359 ipsum
1177 1295 1276 1361 super
1297 1274 1359 1341 hoo

299 1380 510 1467 aliquatenus
532 1380 704 1463 impediat,
719 1382 781 1443 aut
803 1400 878 1445 oum
900 1376 1040 1445 redierit
1062 1379 1354 1467 tranquillitatem¹

297 1483 402 1570 ipsius
435 1482 618 1571 perturbet.
664 1480 758 1547 Lioet
790 1480 892 1546 etiem
926 1480 1072 1568 graviter
1102 1504 1216 1549 versus
1246 1484 1356 1571 ipsum

297 1607 516 1665 moveremur,
538 1586 582 1650 ad
595 1584 795 1651 instantiam
809 1588 953 1649 vostram
977 1589 1172 1671 conceptum
1187 1608 1355 1653 rancorem

297 1690 327 1755 oi
350 1690 426 1775 quis
447 1693 534 1755 esset
555 1688 690 1775 penitus
711 1687 742 1753 ei
765 1686 1018 1765 remitteremus,
1033 1687 1143 1775 parati
1159 1694 1193 1755 et
1214 1691 1355 1779 expositi

301 1798 461 1877 tanquam
495 1791 585 1857 filius
618 1795 741 1856 sanotae
766 1789 926 1855 Romanoe
956 1789 1099 1857 eoelesiae
1122 1791 1356 1859 devotissimus

299 1896 335 1959 in
366 1894 419 1959 his
449 1899 485 1960 et
506 1893 581 1959 aliis
606 1894 726 1958 vestris
750 1891 910 1957 inhaerere
934 1892 1088 1971 consiliis,
1113 1898 1148 1959 et
1170 1894 1355 1961 voluntatis

300 2003 422 2063 vestra
458 2019 518 2083 pro
554 1996 683 2061 viribus
720 1994 844 2059 nostris
880 1994 1123 2081 beneplacitum
1165 1998 1352 2085 adimplere.

298 2098 397 2165 Tmte
427 2121 504 2185 rege
534 2098 624 2185 apud
662 2096 991 2163 westmonasterium
1026 2104 1144 2185 quarto
1179 2098 1232 2164 die
1264 2100 1343 2165 Maii

300 2222 389 2265 anno
411 2200 507 2287 regni
529 2200 635 2265 nostri
657 2198 821 2265 vicesimo.

619 2497 1056 2508 —M--ffl

715 2732 941 2801 ccccxxn.

591 2909 669 2974 'rsa
693 2923 784 2974 saus
806 2925 850 2974 ro
873 2923 944 2972 run
967 2923 1064 2974 saun.

513 3059 585 3122 (Ba
597 3058 682 3112 ciam.
696 3063 726 3110 19
738 3058 805 3110 Heu.
817 3058 876 3119 111,
887 3065 944 3126 part
956 3063 980 3122 2,
991 3059 1081 3110 memb.
1094 3061 1133 3124 2.)

342 3189 557 3256 Sanctissimo
589 3188 677 3276 patri
707 3189 744 3253 in
766 3187 899 3256 Christo
925 3189 1121 3276 G[regorio],
1148 3189 1212 3254 Dei
1242 3189 1351 3277 gratia
1363 3198 1426 3264 May
1438 3204 1478 3258 aa,

296 3314 427 3358 summo
457 3291 614 3379 pontifioi,
646 3291 798 3369 salutem,
830 3297 867 3358 et
901 3297 1000 3358 tanto
1022 3291 1111 3378 petri
1145 3313 1184 3358 ao
1215 3289 1351 3358 domino
1366 3270 1438 3317 ¹²³⁰·

296 3394 520 3460 omnimodam
541 3393 761 3460 reverentiam
783 3415 858 3460 oum
880 3393 1013 3461 honore.

268 3550 274 3564 .
342 3495 533 3584 Apostolioe
554 3495 647 3562 sedes
677 3495 735 3584 pia
756 3499 864 3561 mater
896 3517 1136 3582 nonnunquam
1167 3496 1246 3564 filiis
1283 3497 1483 3583 suisssetngia

297 3598 454 3666 desolatis
478 3598 644 3676 solatium,
666 3598 827 3686 oppressis
856 3597 1050 3676 subsidium,
1073 3597 1127 3686 pie
1160 3599 1351 3686 petentibus
1363 3571 1505 3688 fflffiy

296 3701 425 3768 visoera
449 3701 585 3788 pietatis
606 3699 779 3768 oonsuevit
804 3699 1058 3766 misericorditer
1082 3701 1215 3788 aperire.
1263 3702 1464 3782 Qua-nouat
1496 3749 1502 3761 .

296 3808 433 3891 propter
454 3804 498 3868 ad
519 3804 635 3891 ipsam,
655 3809 816 3888 tanquam
838 3802 882 3868 ad
903 3803 994 3890 piam
1017 3807 1159 3868 matrem
1193 3809 1349 3882 nostram,
1363 3769 1510 3888 {ffima

297 3927 373 3992 quae
402 3905 499 3972 nobis
531 3905 583 3970 sui
613 3905 723 3993 gratia
759 3909 799 3970 ut
837 3904 907 3969 filio
940 3925 999 3970 suo
1037 3906 1159 3972 devoto
1193 3907 1434 3972 continuante·

296 4009 519 4095 compassione
548 4007 750 4096 eompatitur
770 4006 997 4074 favorabiliter
1029 4012 1065 4074 et
1095 4008 1245 4096 benigne,
1277 4031 1351 4076 eum

296 4110 398 4196 regiae
420 4109 579 4196 dignitati
600 4109 829 4176 nenessitatem
843 4108 1016 4176 imminere
1031 4108 1191 4190 videmus,
1207 4111 1353 4198 confligi-

297 4233 373 4276 mus
387 4210 596 4277 oonfidenter.
641 4210 733 4276 Hine
754 4215 806 4276 eat
828 4210 917 4297 quod
940 4233 1015 4276 eum
1030 4211 1168 4278 dilectos
1183 4217 1218 4278 et
1239 4212 1352 4278 fideles

296 4319 429 4379 nostros
451 4312 618 4399 P[etrum]
641 4312 839 4378 Samoenum
861 4319 897 4378 et
929 4313 1126 4400 magistrum
1150 4313 1182 4380 S.
1206 4313 1247 4379 de
1271 4313 1352 4400 Sey-

297 4415 379 4480 land
402 4415 554 4481 alericum
591 4419 743 4481 nostrum
776 4415 1072 4502 proquibusdam
1105 4417 1247 4502 negotiis
1279 4439 1353 4481 nos-

295 4519 360 4582 tris
392 4518 436 4582 ad
463 4518 574 4583 sedem
598 4517 811 4605 apostolicam
840 4519 1118 4596 transmittamus,
1140 4519 1351 4606 paternitatis

851 4711 999 4717 --—--.
1030 4711 1051 4717 ..
1082 4710 1132 4716 ---
1151 4710 1346 4719 ....-.—--—.-——.

534 4826 540 4853 ¹
559 4823 771 4890 tranquillitatem]
790 4825 1016 4890 transquiliitatam,
1027 4825 1084 4876 Ms.
