3609 5800
414 880 666 935 madescimus
689 880 733 930 ou
754 882 825 931 une
847 880 956 932 sumu
978 882 1022 931 ou
1044 882 1166 933 nassa
1189 883 1240 933 111.
1316 869 1361 937 47

744 1152 933 1220 soeculi„

312 1310 498 1379 (incussus
522 1312 692 1391 Rmnnnn,
716 1309 814 1376 Losa
836 1326 881 1377 on
903 1310 1033 1388 ans,
1056 1326 1099 1376 uo
1121 1308 1253 1377 Hmeas
1278 1308 1346 1377 III.

655 1448 750 1513 (uoya
761 1448 866 1509 istas
877 1447 927 1501 uo.
941 1450 1011 1515 eea.)

357 1569 642 1636 Excellentissimo
688 1591 725 1635 ac
769 1570 949 1635 reverendo
995 1568 1128 1634 domino
1180 1590 1248 1645 suo,
1293 1591 1360 1655 pise
1376 1582 1480 1647 shortly

311 1673 438 1737 cunctis
475 1672 674 1739 mortalibus
707 1671 900 1737 honorando
938 1678 972 1737 et
1009 1672 1166 1750 timendo,
1206 1650 1465 1767 flammeam,
1478 1722 1516 1779 10,

312 1775 375 1840 Dei
408 1776 518 1861 gretia
554 1773 677 1839 illustri
711 1774 780 1861 regi
818 1773 960 1861 Angliae,
999 1774 1132 1839 domino
1169 1774 1447 1861 Hybemiae‚1247.

312 1876 387 1942 duci
410 1876 627 1943 Normcnniae
659 1881 693 1941 et
716 1875 917 1960 Aquitaniae,
940 1881 975 1940 et
1006 1876 1118 1941 comiti
1147 1878 1360 1963 Andagaviae,

310 1978 506 2064 G[alfridus]
545 1978 687 2055 Budelli,
720 1977 873 2043 dominus
896 1978 1031 2057 Blaviae,
1064 2000 1142 2045 suus
1179 1979 1286 2045 fidelis
1324 1979 1361 2043 in

312 2082 473 2161 omnibus,
495 2082 643 2159 salutem,
675 2084 709 2145 et
732 2080 905 2166 ut1iusque
936 2081 1017 2147 vitae
1050 2082 1267 2169 prosperitate
1295 2080 1363 2147 frui

311 2190 346 2250 et
368 2184 482 2251 salute.

358 2287 615 2375 Magnificentisa
678 2291 798 2353 vestrae
853 2286 1048 2352 excellentia
1100 2308 1168 2353 non
1220 2286 1361 2373 ignorat,
1375 2290 1447 2339 Your

314 2388 454 2468 domine,
490 2388 578 2476 quod
617 2410 675 2475 ego
714 2387 834 2454 deveni
879 2388 979 2454 homo
1015 2388 1116 2475 ligius
1155 2395 1265 2455 vester
1302 2411 1362 2477 pro
1375 2356 1516 2473 {effigi

313 2492 439 2568 Blavia,
463 2496 497 2557 et
527 2512 588 2557 vos
616 2490 756 2557 dedistis
785 2490 869 2569 mihi
899 2492 936 2555 iu
966 2496 1183 2577 augmentum
1216 2496 1362 2557 metrum
1375 2490 1508 2539 enecasse

313 2595 355 2659 de
371 2593 476 2670 Belin,
492 2599 527 2660 et
549 2598 714 2659 trecentos
736 2593 857 2660 solidos
880 2593 1105 2659 morlsndincs
1126 2594 1215 2680 apud
1239 2558 1509 2688 Minois-iffi,landa

312 2694 437 2775 fanum
472 2702 507 2763 et
540 2702 648 2761 totam
680 2695 771 2761 illam
803 2700 927 2761 terram
960 2716 1059 2781 quam
1097 2718 1158 2782 ego
1191 2695 1296 2761 habeo
1330 2701 1365 2761 et
1377 2690 1480 2739 brother

313 2800 461 2885 possideo
484 2798 572 2865 idtra
595 2800 806 2881 Gueronam;
837 2799 937 2864 etde
965 2799 1018 2863 his
1041 2797 1194 2864 omnibus
1216 2758 1483 2873 acernen-iffi,nted

313 2903 466 2968 dissimus
500 2903 653 2968 dominus
684 2924 777 2984 meus
810 2923 918 2968 eomes
941 2901 1102 2969 Ricardus
1130 2901 1234 2968 frater
1256 2907 1366 2968 vester

312 3005 433 3070 fecerat
454 3005 538 3069 mihi
568 3005 691 3069 donum
722 3026 781 3093 pro
804 3004 908 3081 vobis,
932 3004 1062 3090 quando
1081 3005 1180 3078 ¹venit
1202 3005 1306 3091 primo
1328 3005 1365 3068 in

311 3108 461 3194 partibus
484 3108 665 3188 Vaseoniae,
689 3107 868 3173 secundum
892 3108 980 3192 quod
1003 3107 1040 3170 in
1062 3106 1168 3173 literis
1191 3109 1260 3173 suis
1283 3129 1364 3194 quas

312 3231 411 3297 super
432 3210 493 3275 hoc
518 3211 602 3274 mihi
625 3211 718 3276 dedit
741 3210 886 3297 plenarie
910 3209 1106 3275 continetur.

357 3312 553 3398 P1ae[tere]a
581 3312 794 3378 manifestum
828 3313 924 3378 credo
959 3312 1047 3397 quod
1077 3312 1122 3377 sit
1156 3313 1250 3378 vobis
1280 3312 1368 3399 quod

312 3414 476 3480 Henrieus
499 3415 540 3480 de
556 3415 745 3492 Trublevill,
762 3413 820 3500 qui
842 3419 923 3480 tunc
945 3414 1140 3480 senescallus
1162 3422 1271 3481 vester
1297 3419 1368 3479 erat

311 3518 349 3582 in
365 3516 546 3596 Waseonia,
571 3518 641 3582 sine
665 3517 794 3584 delectu
812 3517 899 3602 juris
923 3521 959 3582 et
983 3517 1107 3603 absque
1129 3539 1235 3584 causae
1258 3519 1367 3605 cogni-

310 3621 403 3685 tione
417 3619 556 3686 abstulit
571 3619 653 3684 mihi
677 3619 913 3708 possessionem
936 3617 1018 3686 dicti
1041 3620 1139 3686 castri
1162 3619 1203 3685 de
1222 3619 1318 3685 Belin
1333 3625 1367 3685 et

312 3725 411 3787 terrae
434 3723 475 3787 de
498 3722 683 3801 Mimisano,
707 3728 742 3788 ct
763 3720 991 3788 Asostandum
1014 3722 1055 3787 de
1082 3722 1171 3789 Solio
1194 3723 1368 3810 capitalem

312 3823 483 3890 inimicum
520 3847 630 3890 meum
664 3826 701 3889 in
737 3825 974 3912 possessionem
1011 3823 1155 3890 induxit.
1208 3826 1254 3890 Et
1290 3825 1369 3890 licet

312 3927 572 3994 dominationem
594 3931 739 3994 vestram
761 3927 885 4014 pluries
906 3926 1113 4014 requisierim
1133 3927 1222 4014 quod
1243 3927 1369 3992 dictum

313 4035 459 4096 castrum
481 4035 515 4096 et
529 4035 652 4096 terram
674 4029 876 4098 antedictam
898 4029 982 4094 mihi
997 4030 1185 4109 redderetis,
1210 4027 1365 4095 noluistis

313 4153 367 4197 me
399 4154 496 4220 super
521 4132 582 4198 hoc
615 4132 826 4220 postmodum
849 4132 1013 4213 exaudire,
1045 4153 1148 4218 quum
1169 4131 1273 4217 major
1295 4152 1369 4196 con-

313 4234 440 4300 stantia
462 4235 648 4300 dilectionis
663 4235 830 4302 debuisset
852 4237 934 4301 mihi
949 4235 1099 4301 exhiberi
1113 4257 1213 4321 quam
1235 4234 1368 4320 quibus·

313 4357 453 4424 cumque
483 4337 565 4416 aliis,
589 4339 647 4425 qui
669 4337 776 4426 majus
799 4335 905 4404 onus¹
936 4339 974 4403 in
1003 4339 1207 4404 necessitatis
1228 4336 1367 4402 anticulo

313 4441 490 4507 sustinebo.
551 4441 642 4508 Hinc
680 4447 731 4508 est
769 4440 856 4528 quod
893 4441 1086 4508 reverentiae
1131 4446 1165 4506 et
1201 4439 1367 4527 majestati

312 4548 433 4610 vestrae
455 4545 593 4632 dignum
616 4543 698 4611 duxi
728 4543 899 4610 humiliter
929 4544 1179 4635 supplicandum
1203 4550 1365 4632 quatenus

726 4851 734 4883 ¹
753 4850 826 4918 osce]
844 4849 935 4916 honus,
945 4851 1002 4906 MS.
