3609 5800
430 907 489 968 120
574 917 686 967 sorau
709 917 781 966 nnn
804 918 921 967 orans
944 918 1150 967 iusroiuohn
1175 917 1321 967 narrans

922 1184 994 1248 DX,

566 1320 698 1386 Hane?
721 1320 787 1386 III.
810 1338 853 1386 ro
876 1337 947 1385 nnn
970 1321 1082 1385 Pnuns
1105 1335 1178 1384 aab
1202 1336 1342 1384 ornans.

777 1454 875 1520 (Royal
885 1454 994 1517 Letters,
1004 1453 1053 1506 No.
1067 1455 1137 1516 179.)

256 1563 327 1624 ¹¹¹¹ss-
342 1565 379 1620 ¹⁶³
473 1569 651 1648 Hernicus,
668 1567 732 1633 Dei
755 1569 866 1655 gratia
888 1589 948 1634 rex
971 1567 1113 1654 Angliae‚
1130 1555 1284 1632 dominus
1301 1567 1480 1646 Hibemiae,

260 1632 331 1677 ¹²⁵⁶·
427 1679 462 1738 et.
510 1673 581 1737 dux
618 1671 845 1758 aquitannia,
882 1675 918 1735 et
965 1690 1072 1734 eomes
1117 1669 1329 1758 Andagavnae,
1377 1671 1480 1736 areni.

427 1774 596 1862 episeopis,
634 1773 804 1860 episeopis,
843 1771 1032 1851 abbatibus,
1078 1771 1252 1858 primibus,
1297 1773 1481 1850 comitibus,

427 1876 615 1956 baronibus
634 1876 839 1963 justiciariis,
860 1873 1118 1953 vicecomitibus,
1153 1875 1344 1961 praepositis,
1368 1875 1481 1938 minis-

430 1979 502 2061 tris,
528 1985 563 2044 et
585 1978 738 2044 omnibus
760 1977 895 2043 ballivis
919 1983 953 2042 et
976 1976 1128 2041 fidelibus
1150 1977 1227 2054 suis,
1249 1976 1397 2042 salutem.

260 2070 414 2198 &umbe
473 2081 593 2147 Sciatis
627 2102 688 2146 nos
719 2080 903 2146 reddidisse
935 2079 1056 2144 dilecto
1090 2078 1159 2144 filio
1190 2085 1226 2144 et
1255 2079 1345 2145 fideli
1368 2085 1480 2145 nostro

259 2203 360 2252 honour
371 2204 401 2253 or
428 2183 653 2270 A[lexandro]
677 2183 748 2269 regi
764 2182 898 2267 Seoeyae
921 2181 1043 2247 illustri
1063 2181 1220 2245 honorem
1237 2181 1479 2268 Huntyngdon,

261 2269 390 2384 {anauga
427 2291 467 2352 ut
485 2285 542 2371 jus
564 2307 671 2363 suum,
694 2306 769 2350 oum
800 2283 890 2348 omni
922 2305 984 2348 sua
1006 2283 1210 2369 integritate,
1233 2282 1423 2348 habendum
1447 2289 1481 2347 et

260 2402 409 2452 Alexander
428 2386 610 2453 tenendum
644 2386 750 2452 eidem
783 2385 854 2472 regi
889 2390 924 2450 et
953 2384 1130 2449 heredibus
1162 2385 1231 2450 suis
1263 2385 1304 2449 de
1327 2385 1424 2450 nobis
1446 2390 1481 2450 et

261 2467 390 2585 Islldtissnu
407 2573 409 2577 .
428 2489 604 2554 heredibus
625 2489 758 2567 nostris,
786 2510 860 2554 cum
884 2486 1038 2552 omnibus
1061 2487 1273 2551 libertatibus
1296 2487 1338 2551 ad
1355 2487 1480 2552 dietum

428 2590 586 2656 honorem
618 2590 873 2678 pertinentibus,
909 2593 979 2653 tam
1011 2588 1048 2652 in
1079 2587 1241 2674 homagiis
1279 2593 1313 2653 et
1351 2588 1481 2666 wardia,

428 2714 528 2778 quam
543 2693 580 2757 in
602 2692 701 2757 rebus
723 2692 806 2768 aliis,
821 2691 903 2756 adeo
926 2689 1028 2755 libere
1045 2687 1106 2754 et¹
1128 2690 1256 2775 integre
1278 2690 1365 2756 sieut
1388 2695 1480 2756 onte-

429 2815 570 2860 cessores
593 2795 645 2857 sui
668 2815 744 2858 eum
766 2792 884 2858 melius
915 2796 949 2857 et
979 2791 1114 2857 liberius
1137 2795 1325 2856 tenuerunt.
1373 2791 1480 2871 Quare

429 2895 582 2961 volumus
605 2900 640 2961 et
661 2895 802 2961 firmiter
824 2893 1034 2982 praecipimus
1057 2915 1116 2980 pro
1138 2893 1235 2959 nobis
1258 2899 1292 2959 et
1307 2893 1481 2959 heredibus

431 2999 563 3074 nostris,
599 2999 685 3084 quod
718 2998 895 3084 praedictus
929 3018 989 3061 rex
1023 3000 1059 3061 et
1087 2996 1223 3061 heredes
1254 2995 1306 3061 sui
1336 2994 1482 3062 habeant

430 3100 464 3161 et
501 3101 640 3161 teneant
678 3097 719 3161 de
750 3095 846 3161 nobis
881 3100 917 3160 et
948 3094 1123 3159 heredibus
1162 3094 1285 3159 nostris
1313 3094 1479 3159 'honorem

429 3198 634 3285 praediotum,
672 3219 747 3263 oum
785 3182 939 3262 omnibus
976 3195 1189 3261 libertatibus
1234 3195 1278 3260 ad
1323 3197 1481 3262 honorem

434 3300 630 3387 praedictum
662 3300 917 3387 pertinentibus,
953 3304 1024 3363 tam
1054 3298 1090 3362 in
1119 3297 1280 3384 homagiis
1303 3302 1340 3363 et
1361 3299 1482 3364 wardis

430 3424 529 3489 quam
562 3401 661 3467 rebus
692 3402 775 3478 aliis,
799 3401 882 3466 adeo
914 3400 1016 3465 libere
1048 3404 1083 3465 et
1113 3400 1242 3486 integre
1273 3399 1358 3465 siout
1388 3406 1479 3465 ante·

432 3525 569 3571 cessores
601 3503 655 3569 sui
682 3524 758 3569 eum
788 3503 906 3568 melius
941 3507 975 3567 et
1006 3500 1141 3566 liberius
1174 3508 1363 3578 tenuerunt,
1395 3501 1482 3567 sieut

430 3604 624 3692 praedictum
648 3610 705 3671 est.
745 3604 810 3669 His
832 3604 984 3683 testibus,
1009 3603 1150 3668 Ricardo
1173 3606 1291 3669 comite
1307 3604 1481 3669 Cornubiae

430 3706 533 3771 fratre
564 3709 687 3785 nostro,
711 3704 854 3771 Ricardo
878 3705 919 3770 de
943 3705 1039 3771 Clare
1062 3706 1180 3770 comite
1205 3705 1418 3771 Glaucestriae
1448 3710 1482 3771 et

431 3808 645 3885 Herefordiae,
692 3808 821 3895 Rogero
867 3807 908 3872 de
948 3806 1089 3893 Kuenoy
1135 3808 1253 3872 comite
1290 3807 1480 3886 Wintonire,

430 3910 565 3976 Simone
596 3910 636 3975 de
660 3910 777 3975 Monte
799 3908 894 3976 Forti
918 3910 1039 3975 comite
1062 3910 1269 3995 Leyeestriae‚
1302 3908 1481 3974 Humfrido

431 4012 472 4079 de
510 4012 607 4077 Boun
657 4012 776 4078 comite
816 4010 1033 4087 Herefordiae,
1072 4010 1238 4076 Willelmo
1277 4011 1480 4097 Lungespye,

431 4112 577 4181 Henrioo
610 4114 652 4181 de
674 4113 849 4193 Bothonia,
875 4114 1021 4179 Roberto
1053 4112 1218 4191 Woleran,
1241 4110 1407 4179 Willelmo
1438 4112 1479 4178 de

431 4216 530 4303 Gray,
554 4216 723 4281 Willelmo
745 4216 787 4281 de
809 4216 968 4293 Arderne,
993 4220 1028 4281 et
1051 4216 1131 4293 aliis.

476 4320 601 4383 Datum
623 4341 680 4405 per
706 4340 840 4382 manum
864 4322 1011 4383 nostram
1034 4318 1124 4405 apud
1149 4318 1356 4397 Wodestook‚
1387 4322 1482 4383 sexto

432 4420 556 4485 decimo
579 4419 633 4484 die
656 4419 812 4505 Augusti,
835 4440 923 4483 anno
945 4419 1040 4507 regni
1062 4420 1169 4486 nostri
1192 4418 1446 4505 quadragesime.

431 4608 1461 4616 ———————.———————-—..-———-——-—-——-

850 4720 856 4750 ¹
874 4720 911 4785 ot]
926 4734 974 4772 om.
986 4720 1043 4771 MS.
