3609 5800
440 830 483 893 28
601 842 715 892 noran
738 841 812 891 ann
835 840 951 889 ornan
973 839 1180 891 mammona
1202 840 1348 889 ammas

440 1032 554 1077 versus
578 1012 801 1093 Berbizillum,
825 1011 862 1077 in
884 1012 967 1077 villa
988 1012 1030 1078 de
1052 1013 1159 1079 Ponte
1181 1014 1303 1079 bonam
1335 1017 1371 1077 et
1403 1009 1492 1076 suffi-

271 1124 354 1175 vhere
365 1125 397 1175 R.
438 1114 582 1179 cientem
614 1113 821 1180 dimittentes
843 1115 1071 1181 munitionem
1116 1114 1190 1197 Sed,
1214 1113 1436 1181 incontinenti
1458 1117 1494 1178 et

270 1191 395 1309 {ssfflt‘
440 1214 553 1281 statim
585 1237 626 1281 ex
657 1214 722 1301 quo
751 1216 864 1281 villam
894 1217 1067 1297 exivimus,
1090 1216 1293 1305 Reginaldus
1324 1217 1365 1281 de
1387 1215 1493 1280 Ponte

271 1334 348 1375 count
358 1324 388 1374 or
441 1316 559 1383 ‘Vale'
574 1318 668 1383 nobis
691 1317 810 1395 dicens,
833 1324 868 1384 et
888 1319 968 1384 dato
982 1318 1079 1385 nobis
1094 1318 1204 1385 osculo
1220 1318 1243 1383 J
1244 1316 1328 1394 udae,
1343 1317 1493 1382 fraudem

270 1392 427 1521 iffi&
440 1440 539 1505 quam
561 1421 763 1507 cogitaverat
778 1442 874 1508 opere
894 1420 1128 1500 manifestavit,
1150 1425 1186 1487 et
1207 1442 1315 1487 comes
1337 1420 1493 1485 Marchiae

270 1526 383 1605 murat·
439 1522 599 1601 similiter,
623 1524 692 1610 regi
716 1521 865 1590 Franciae
888 1524 1079 1591 adhaerens:
1112 1526 1162 1590 ita
1195 1524 1292 1610 quod,
1314 1524 1379 1588 nisi
1410 1522 1495 1587 sedi-

270 1600 428 1709 iffinffiss
439 1624 565 1690 tionem
602 1647 715 1691 eorum
750 1632 784 1692 et
821 1626 983 1692 malitiam
1016 1626 1236 1714 excogitatam
1274 1626 1403 1691 cautius
1439 1624 1494 1689 de·

270 1725 405 1776 thamnus
439 1726 658 1805 curassemus,
697 1733 769 1794 tota
805 1735 900 1795 nocte
950 1735 984 1795 et
1028 1735 1102 1795 toto
1139 1729 1193 1794 die
1230 1728 1381 1795 iterando
1418 1748 1494 1792 cum

196 1828 201 1842 .
269 1792 350 1843 ofthe

271 1860 371 1911 Freneh
440 1830 589 1895 exercitu
610 1834 724 1895 nostro
747 1852 861 1896 versus
883 1829 1044 1912 Blaviam,
1067 1832 1104 1896 in
1133 1852 1252 1895 manus
1287 1831 1368 1895 dicti
1399 1830 1494 1916 regis,

270 1926 426 1992 ringebat
439 1930 525 1997 sicut
561 1931 598 1995 in
635 1932 746 1997 animo
783 1932 983 2017 nequissime
1013 1940 1177 2019 ceperant,
1210 1954 1272 1997 nos
1312 1938 1346 1998 et
1380 1952 1494 1997 omnes

270 1995 569 2125 fflifinostros
605 2032 829 2111 tradidissent,
859 2040 1019 2120 tanquam
1049 2035 1147 2101 famae
1184 2056 1253 2100 suae
1287 2033 1426 2120 prodigi,
1459 2039 1494 2099 et

271 2127 395 2247 {mm
440 2133 612 2202 fidelitatis
641 2158 718 2213 suae,
742 2142 776 2201 et
805 2137 1004 2223 pactionum,
1028 2137 1198 2203 internos
1227 2135 1395 2213 initamm,
1417 2156 1494 2200 con·

270 2262 358 2330 Blaye.
440 2244 627 2327 temptores.

270 2379 395 2431 Wehave
494 2341 565 2406 Nos
587 2340 698 2429 igitur,
734 2361 809 2406 eum
847 2342 917 2407 sine
954 2341 1097 2429 periculo
1135 2361 1283 2427 personae
1311 2346 1434 2405 nostrae
1460 2345 1494 2405 et

271 2445 389 2526 aineere-
440 2444 588 2511 omnium
610 2442 782 2509 nobiscum
806 2443 1028 2521 existentium,
1047 2444 1136 2509 inter
1152 2450 1285 2530 gentem
1307 2442 1399 2507 illam
1422 2444 1493 2509 Pic-

271 2514 402 2647 ἓζῗοζξζο
438 2548 539 2613 taviae
561 2546 721 2633 perfidam
744 2552 778 2612 et
801 2547 1056 2612 inverecundam
1084 2567 1210 2612 moram
1228 2546 1368 2611 ulterius
1388 2545 1493 2612 facere

438 2671 508 2716 non
533 2671 711 2738 possemus,
733 2649 776 2713 ad
806 2654 916 2735 partes
938 2647 1122 2715 Wasconiae
1152 2669 1214 2713 nos
1241 2648 1492 2730 transtulimus3

439 2753 475 2816 in
524 2751 645 2836 quibus
683 2771 757 2815 cum
795 2749 915 2815 dilecto
952 2750 1192 2837 consanguineo
1237 2757 1350 2816 nostro
1397 2750 1492 2836 R[ai-

439 2852 588 2937 mundo],
602 2852 721 2917 comite
744 2849 894 2918 Tholosae
918 2851 1074 2918 Marchiae
1097 2852 1290 2936 Provinciae,
1305 2853 1362 2940 qui
1377 2853 1420 2918 ad
1434 2875 1494 2920 nos

439 2954 654 3043 personaliter
690 2953 834 3032 accessit,
871 2958 1053 3018 tractatum
1093 2955 1269 3022 habuimus
1306 2956 1348 3021 de
1384 2960 1493 3021 status

439 3059 545 3124 nostri
588 3055 830 3134 reformatione,
869 3061 905 3122 et
949 3057 991 3122 de
1028 3057 1164 3124 consilio
1200 3058 1336 3146 agendis
1372 3057 1495 3123 nostris

393 3201 396 3209 ·
439 3159 640 3248 apponendo.
686 3157 818 3236 Verum,
842 3161 1018 3246 postquam
1032 3181 1153 3245 aquam
1177 3160 1348 3245 Gyrundae
1370 3160 1491 3225 transi-

439 3263 557 3340 vimus,
580 3260 716 3326 dimissa
736 3260 824 3326 bona
856 3261 1040 3326 munitione
1062 3263 1151 3348 apud
1181 3261 1343 3340 Blaviam,
1366 3283 1492 3327 moram

439 3365 574 3430 fecimus
607 3385 649 3430 ex
682 3364 831 3450 opposito
869 3362 1015 3450 ejusdem
1052 3363 1152 3444 villae,
1189 3365 1269 3450 quia
1287 3363 1394 3428 -idem
1431 3386 1492 3428 rex

440 3468 588 3533 Franciae
610 3471 747 3532 venerat
778 3489 852 3532 cum
875 3466 1022 3532 exercitu
1045 3488 1104 3533 suo
1127 3488 1186 3554 pro
1209 3467 1290 3531 villa
1324 3467 1383 3531 illa
1405 3467 1492 3531 obsi·

439 3569 563 3650 denda;
587 3570 652 3645 sed,
675 3589 751 3634 cum
774 3568 901 3635 duobus
924 3568 1075 3634 miliariis
1097 3591 1118 3634 a
1139 3568 1220 3634 villa
1241 3569 1314 3656 ipsa
1335 3568 1403 3634 fere
1432 3591 1491 3656 per

439 3670 627 3756 quindecim
656 3671 726 3736 dies
755 3692 880 3736 moram
911 3670 1031 3738 faceret
1062 3671 1099 3735 in
1129 3671 1253 3751 castris,
1291 3693 1359 3736 non
1393 3693 1492 3738 ausus

439 3778 490 3840 est
511 3773 662 3860 proprius
684 3773 844 3853 accedere,
868 3772 946 3838 licet
972 3775 1024 3838 sui
1053 3773 1188 3838 interim
1210 3793 1285 3837 cum
1307 3774 1493 3838 munitione

439 3879 552 3966 nostra
572 3875 673 3940 fortes
698 3874 891 3940 habuissent
922 3875 1114 3958 conflictus3
1145 3879 1181 3940 et
1210 3876 1258 3940 sic
1281 3875 1413 3941 demum
1442 3897 1494 3940 re·

439 4001 554 4045 versus
575 3983 626 4044 est
648 3975 737 4042 idem
759 3998 820 4042 rex
841 3977 885 4042 ad
907 3982 1018 4065 partes
1039 3999 1123 4043 suas.

484 4080 591 4168 Super
612 4079 665 4144 his
688 4081 799 4144 autem
814 4079 1018 4166 imperialem
1040 4079 1318 4167 magnificentiam
1337 4080 1494 4145 duximus

440 4183 692 4258 certificandam,
708 4186 862 4268 rogantes
883 4181 1047 4247 attentius
1070 4187 1241 4267 quatenus,
1256 4183 1284 4247 si
1307 4183 1388 4268 quid
1402 4181 1493 4248 aliud

440 4286 476 4350 in
491 4285 588 4350 famae
602 4290 724 4350 nostrae
746 4283 913 4348 laesionem
929 4283 970 4349 de
985 4305 1135 4370 processu
1156 4293 1279 4365 nostro,
1295 4305 1338 4349 ex
1355 4283 1494 4370 alicujus

440 4387 551 4453 aemuli
573 4386 678 4451 nostri
707 4383 873 4471 figmento
895 4386 1032 4451 auribus
1053 4386 1174 4452 vestris
1195 4386 1388 4464 insonuerit,
1409 4385 1494 4452 illud

441 4510 501 4576 pro
522 4488 643 4554 frivolo
665 4491 701 4552 et
722 4487 859 4552 veritati
882 4489 1048 4554 contrario
1069 4493 1223 4576 reputare
1238 4487 1358 4554 velitis.

276 4611 326 4662 We
337 4613 431 4663 should
479 4590 536 4655 Ad
550 4591 621 4656 haee
635 4589 808 4656 serenitati
822 4594 944 4656 vestrae
958 4590 1109 4679 cupimus
1123 4591 1327 4658 innotescere
1343 4590 1440 4676 quod,
1454 4589 1491 4655 in

272 4680 415 4797 lffidffil
444 4692 594 4780 partibus
609 4693 811 4779 Burgimdiae
833 4693 944 4780 plures
966 4693 1141 4760 benevolos
1155 4698 1190 4760 et
1204 4695 1326 4759 amicos
1341 4699 1493 4780 potentes
