3609 5800
627 1467 1078 1552 APPENDIOES.

739 1911 924 1976 Arpnnnx
948 1911 975 1976 Ι.

371 2203 531 2262 Doconnsn
549 2221 690 2262 nntsctso
708 2221 741 2262 co
760 2207 884 2263 Hunnnc
902 2223 940 2264 nn
958 2209 1074 2274 Boion,
1094 2209 1176 2264 Esco
1193 2225 1227 2264 or
1244 2208 1338 2264 ΚΒΜ.

525 2317 595 2380 (Ros
610 2317 694 2370 cnm
706 2323 736 2368 21
751 2317 992 2380 Hen.111.,memb.
1006 2325 1037 2370 22
1049 2319 1076 2370 in
1089 2321 1185 2385 dorso.)

363 2427 418 2484 Dio
437 2428 543 2484 Mattio
570 2428 601 2482 in
618 2429 746 2484 crastino
766 2428 796 2483 S.
816 2427 973 2485 Michaelis
991 2429 1071 2501 apud
1087 2429 1195 2501 Eyclcs
1213 2429 1295 2485 vonit
1315 2430 1379 2484 Hu·
1391 2440 1531 2486 Amntnsc.

326 2511 427 2568 bertus
446 2513 482 2566 de
501 2513 612 2584 Burgo,
633 2529 730 2568 comcs
749 2511 881 2576 Konoiae,
896 2511 1007 2568 ibidem
1026 2514 1064 2568 nd
1080 2513 1251 2570 mandatum
1269 2513 1379 2568 domini
1391 2496 1484 2586 Q„

326 2596 467 2667 1=cgis,et
492 2595 533 2650 ibi
559 2597 704 2652 allocutus
729 2596 787 2651 snit
811 2614 878 2650 oum
897 2595 1033 2652 dominus
1058 2615 1110 2652 rex
1135 2598 1160 2652 si
1188 2593 1538 2653 deliberassetmbcvf

325 2679 353 2734 ci
380 2680 570 2750 maritagium
589 2679 709 2736 Ricardi
734 2679 875 2736 declaro
901 2681 1063 2736 secundum
1088 2681 1166 2751 qnod
1192 2681 1328 2752 promisit
1351 2643 1546 2748 cifflfflrgd

264 2841 266 2844 Ι
325 2764 404 2834 opud
422 2763 648 2828 Glouccstrinm,
670 2763 785 2834 quondo
803 2764 940 2819 dominns
960 2783 1012 2820 rcx
1031 2767 1110 2836 cepit
1127 2782 1195 2819 eum
1213 2766 1251 2820 ad
1276 2782 1379 2836 pacem
1390 2744 1490 2840 3&ss

326 2867 418 2915 suain,
440 2855 470 2907 ct
487 2848 565 2906 undo
584 2849 720 2907 dominus
739 2867 790 2905 rex
808 2850 881 2906 dicit
899 2850 978 2922 quod
1001 2858 1072 2907 tunc
1091 2852 1224 2924 quietum
1242 2851 1379 2907 clamavit

326 2934 353 2989 ci
372 2934 561 3007 moritogium
586 2933 670 3000 illud,
691 2941 721 2990 et
747 2934 833 3006 potiit
860 2935 940 3007 quod
966 2940 1079 2991 teneret
1104 2936 1131 2990 ei
1159 2936 1378 2991 conventionem

325 3018 417 3085 illam,
447 3018 516 3089 quio
542 3036 595 3091 per
620 3017 702 3073 illam
731 3018 804 3075 dicit
834 3019 970 3075 dominus
1000 3038 1051 3073 rex
1083 3019 1160 3091 quod
1186 3027 1288 3092 postea
1313 3018 1379 3075 red·

325 3101 401 3158 didit
426 3103 454 3157 ei
480 3102 580 3173 plures
606 3108 699 3158 terras
718 3118 784 3175 qum
812 3104 988 3159 remansisse
1007 3103 1156 3160 debebunt
1178 3105 1236 3177 ipsi
1262 3103 1379 3161 domino
1427 3160 1430 3167 ,

325 3187 390 3258 regi
408 3202 460 3257 por
476 3187 600 3241 formam
618 3186 698 3257 pacis
717 3187 794 3243 inter
812 3204 862 3243 cos
880 3189 998 3243 factam.

360 3270 400 3327 Et
417 3288 514 3327 comcs
533 3280 603 3327 tunc
621 3271 663 3325 ibi
686 3270 838 3343 respondit
856 3272 936 3342 quod
952 3290 1010 3327 non
1035 3272 1139 3329 habuit
1163 3273 1205 3328 ibi
1223 3272 1378 3329 concilium

325 3372 378 3425 per
397 3354 476 3426 quod
496 3354 564 3409 inde
582 3353 698 3425 plonius
725 3354 905 3426 respondere
930 3360 1046 3426 posset3
1074 3358 1117 3411 its
1141 3356 1219 3428 quod
1243 3356 1378 3413 dominus

324 3457 377 3494 rex
394 3438 477 3494 dedit
494 3438 522 3493 ci
549 3437 628 3493 diem
646 3456 664 3493 c
688 3436 737 3493 dic
756 3437 808 3493 illo
826 3438 932 3494 Multis
959 3439 990 3493 in
1016 3440 1185 3511 quindecim
1209 3440 1273 3497 dios
1300 3440 1378 3512 opud

325 3522 505 3579 Londoniom
523 3522 560 3577 cd
579 3522 799 3578 certificandum
819 3523 984 3589 servitium,
1004 3530 1035 3579 ct
1054 3525 1133 3595 quod
1153 3530 1224 3581 tunc
1241 3525 1309 3580 indo
1333 3543 1379 3579 re·

326 3608 443 3681 spondit
472 3606 589 3663 domino
614 3605 695 3677 rogi;
721 3606 758 3661 cd
786 3622 872 3678 quem
903 3607 982 3662 dicm
1011 3608 1094 3664 venit
1122 3626 1219 3664 comcs
1249 3616 1280 3665 ct
1308 3616 1379 3665 tnnc

326 3692 430 3749 habuit
455 3692 547 3747 alium
573 3690 651 3745 diem
678 3690 755 3761 opud
779 3690 947 3762 Kcnytonn,
976 3698 1007 3747 et
1035 3695 1187 3764 cognoscit
1211 3694 1289 3765 quod
1312 3702 1379 3765 post

324 3794 426 3847 pacem
456 3776 564 3831 facicm
594 3773 672 3845 opud
703 3773 920 3830 Glouccstriam
949 3776 1034 3833 misit
1068 3776 1201 3833 dominus
1231 3796 1283 3833 rex
1312 3796 1378 3833 scro

324 3866 443 3933 propter
468 3860 566 3932 ipsum
593 3866 624 3914 ct
650 3858 734 3914 duxit
763 3858 800 3913 od
830 3858 932 3923 altore,
953 3859 1054 3917 dicens
1080 3862 1159 3933 quod
1179 3863 1274 3918 voluit
1300 3861 1379 3932 quod

321 3944 438 4017 juraret
456 3961 544 4015 super
563 3942 655 3998 altore
674 3941 753 4013 quod
770 3960 921 4014 nunquam
944 3943 1114 4016 loqueretur
1137 3945 1173 4000 dc
1191 3943 1317 4000 Ricardo
1341 3944 1378 3999 dc

325 4029 421 4093 Olore,
442 4034 472 4083 ct
497 4028 561 4099 ipsc
589 4026 644 4083 hoc
666 4025 788 4096 juravit,
815 4034 845 4081 ot
869 4044 1019 4099 nunquam
1045 4034 1146 4099 postca
1171 4027 1284 4099 aliquid
1310 4027 1378 4083 indo

325 4113 440 4169 locutus
465 4112 531 4178 fuit,
551 4128 605 4165 noc
627 4110 740 4181 aliquid
764 4115 865 4182 posteo
882 4110 951 4166 inde
969 4111 1048 4177 fecit,
1069 4118 1100 4167 ct
1122 4112 1177 4168 hcc
1196 4112 1269 4167 bene
1286 4117 1376 4187 potet,

325 4196 396 4269 quio
421 4194 539 4268 quidnm
564 4202 716 4265 magnates
741 4193 832 4250 locuti
857 4196 978 4250 suerunt
1001 4213 1068 4251 cum
1096 4214 1130 4251 eo
1155 4196 1192 4251 de
1221 4196 1379 4268 maritagio

323 4280 393 4337 fllioe
412 4296 482 4345 suae,
502 4285 533 4334 ct
557 4278 600 4333 ito
618 4278 696 4349 qnod
713 4278 745 4333 in
768 4284 882 4334 tontum
900 4296 1071 4350 processum
1090 4280 1147 4336 fuit
1172 4279 1251 4351 quod
1275 4278 1379 4335 debuit

324 4364 444 4421 affidari.
483 4363 523 4417 Et
540 4370 609 4418 tunc
628 4362 710 4417 venit
726 4362 879 4418 comitissa
896 4381 969 4419 uxor
990 4381 1044 4419 suo
1061 4370 1092 4419 ct
1108 4362 1216 4420 occidit
1233 4363 1271 4419 od
1288 4363 1378 4435 pedes

325 4449 399 4519 ejus,
419 4454 450 4502 ct
476 4447 551 4502 dixit
575 4444 653 4518 quod
671 4446 733 4501 filio
752 4464 806 4501 suo
824 4452 939 4502 tontum
964 4448 1074 4503 fecerat
1101 4465 1168 4503 cum
1194 4447 1321 4503 Ricordo
1341 4448 1378 4503 do

325 4532 420 4595 Claro,
442 4529 519 4602 quod
538 4546 595 4584 non
613 4530 709 4601 potuit
727 4530 778 4585 clii
797 4530 937 4602 copulari,
952 4539 983 4586 et
999 4538 1118 4603 propter
1135 4531 1191 4587 hoc
1208 4549 1266 4586 non
1283 4532 1380 4603 potuit

323 4621 393 4672 tuno
412 4616 473 4671 filia
491 4632 545 4670 suo
563 4614 714 4680 maritori3
735 4615 787 4671 sed
809 4620 929 4686 proptor
953 4615 1065 4671 dictum
1083 4614 1182 4671 uxoris
1201 4622 1379 4673 succentus

324 4717 388 4757 csse
415 4716 473 4755 non
498 4704 595 4771 potest
622 4704 722 4755 utrum
753 4699 945 4771 mmitagium
974 4700 1084 4755 foetum
1109 4700 1150 4757 sit
1179 4699 1256 4756 inter
1280 4700 1379 4773 ipsum

324 4779 484 4839 Ricardum
515 4789 546 4838 et
571 4782 662 4838 filiam
688 4800 780 4839 suom.
821 4783 860 4839 Et
887 4782 961 4840 dicit
984 4783 1063 4855 quod
1080 4802 1154 4841 uxor
1180 4803 1235 4841 suo
1252 4784 1280 4840 ci
1305 4784 1380 4841 dixit
