3609 5800
426 820 469 883 22
571 826 685 879 uorsa
709 825 784 875 usn
808 823 926 873 ornus
949 818 1157 870 nrsrourcnn
1181 816 1336 868 numnis.

424 1004 549 1067 Tamen
584 1021 681 1087 super
715 998 783 1085 his]
820 996 979 1061 omnibus
1013 995 1123 1082 parati
1158 1012 1272 1057 sumus
1308 1012 1348 1057 ea
1379 990 1485 1055 fecere

427 1106 534 1191 [qu]se
550 1103 706 1171 debemus
721 1100 903 1167 secundum
922 1096 1088 1185 ten[orem
1111 1100 1238 1182 treuga
1261 1144 1424 1160 ......
1447 1091 1482 1176 ].¹

730 1374 1174 1385 .‚.—.--—--—---..-....-.

837 1552 1080 1623 CCCCXXXI.

708 1700 841 1764 Huusr
865 1696 933 1762 ΙΙΙ.
956 1715 1000 1762 ro
1022 1696 1130 1763 Lours
1154 1696 1215 1764 IK

683 1842 755 1907 (Rot.
767 1840 879 1892 Vcscon.
891 1844 924 1889 26
936 1838 1003 1891 Heu.
1014 1840 1064 1889 111
1076 1840 1168 1890 memb.
1180 1841 1218 1903 2)

261 1981 330 2033 June
342 1984 366 2041 8,
478 1974 560 2054 Rex,
584 1970 717 2038 domino
740 1970 810 2055 regi
834 1970 1044 2048 Francorum,
1068 1970 1218 2035 salutem.

262 2052 337 2187 ξω·
352 2133 389 2184 ,Γ
477 2077 568 2141 Bene
602 2074 718 2141 recolit
741 2072 901 2137 serenitas
925 2077 1037 2137 vestra
1058 2069 1203 2155 qualiter
1224 2090 1245 2133 a
1271 2069 1326 2136 die
1349 2070 1485 2137 Paschae

262 2149 403 2268 uiniidrss
431 2182 467 2243 in
503 2178 650 2263 quinque
683 2175 888 2261 septimanas
924 2172 1035 2238 fuerat
1060 2172 1131 2237 dies
1154 2172 1233 2237 dato
1260 2170 1301 2236 ds
1327 2172 1489 2259 intercep

263 2270 328 2384 {qun
340 2268 410 2383 Ἓξ*-
433 2280 581 2347 tionibus
603 2278 699 2344 factis
723 2282 839 2343 contra
861 2280 1014 2362 treugam
1036 2275 1126 2339 inter
1147 2294 1207 2339 vos
1225 2278 1260 2340 et
1274 2296 1335 2341 nos
1348 2280 1488 2362 captam,

263 2348 478 2452 eduinoftin'ad
512 2382 620 2447 locum
652 2380 695 2444 ad
729 2379 791 2444 hoc
814 2378 1022 2464 deputatum,
1045 2376 1222 2462 utrobique
1254 2378 1489 2459 emendandis3

264 2475 414 2584 3⁰33„
434 2487 478 2551 ad
500 2506 598 2570 quem
620 2504 695 2547 cum
718 2485 853 2569 gentem
883 2483 1031 2545 nostram
1058 2483 1193 2567 propter
1215 2477 1287 2545 haec
1308 2480 1491 2566 specialiter

264 2602 305 2661 ed,
316 2550 408 2650 visre
435 2590 651 2665 mitteremus,
676 2584 787 2649 nullus
810 2602 853 2647 cx
887 2585 981 2669 parte
1010 2585 1131 2658 vestra,
1161 2580 1249 2647 sicut
1278 2582 1490 2648 credebamus

264 2667 399 2783 {gffifftff
435 2696 470 2756 et
504 2691 640 2763 deceret,
663 2686 785 2751 ibidem
818 2684 1009 2769 comparuit.
1057 2684 1102 2747 Et
1137 2683 1281 2769 qualiter
1311 2690 1425 2771 postes
1447 2685 1490 2751 ad

267 2801 371 2849 observo
382 2798 410 2848 it
434 2814 495 2858 vos
517 2790 655 2855 nuntios
676 2793 807 2853 nostros
831 2785 1080 2862 destinavimus,
1095 2806 1155 2850 vos
1177 2788 1381 2872 requirentes
1404 2788 1490 2874 quod

435 2915 533 2980 super
567 2888 734 2978 praedictis
765 2886 1060 2973 interceptionibus
1091 2889 1245 2955 emendas
1276 2889 1427 2956 faceretis
1458 2896 1493 2955 et

435 2995 648 3081 reciperetis3
675 3013 734 3077 per
764 3011 845 3074 quos
867 2988 964 3055 nobis
986 2989 1196 3076 significastis
1219 2993 1307 3078 quod
1329 2991 1366 3058 id
1388 2992 1492 3058 liben-

436 3103 488 3164 ter
510 3094 671 3169 feceretis,
695 3097 729 3157 et
752 3091 840 3156 diem
871 3091 974 3155 alium
1005 3094 1130 3156 certum
1161 3093 1205 3158 ad
1232 3095 1304 3160 haec
1325 3095 1492 3180 petiistis3

436 3205 470 3266 et
502 3221 571 3276 noe,
593 3197 670 3260 licet
703 3195 793 3259 locus
827 3192 869 3258 dc
891 3193 1057 3281 Surgeres,
1080 3194 1140 3260 ubi
1173 3196 1209 3261 id
1235 3195 1308 3261 fieri
1331 3197 1492 3278 voluistis,

437 3302 555 3366 merito
588 3297 710 3362 nostris
745 3295 859 3361 fuisset
894 3301 1062 3384 suspectus
1101 3302 1135 3363 et
1173 3297 1283 3365 minus
1315 3303 1416 3379 tutus,
1451 3301 1494 3366 ob

438 3408 584 3469 vestram
608 3405 721 3466 temen
743 3399 962 3465 reverentiam
987 3406 1022 3466 et
1036 3421 1079 3466 ne
1094 3398 1191 3467 nobis
1207 3406 1318 3487 posset
1332 3401 1493 3490 imputari

438 3507 526 3594 quod
559 3504 725 3570 occasione
758 3501 871 3588 aliqua
892 3508 1010 3590 treuga
1039 3503 1128 3569 inter
1161 3523 1221 3569 nos
1247 3503 1491 3592 infringeretur,

438 3613 509 3673 tam
525 3608 566 3672 de
582 3606 635 3671 die
651 3609 685 3671 et
700 3607 770 3670 loco
786 3605 991 3692 beneplacito
1006 3609 1119 3671 vestro
1134 3604 1367 3692 acquievimus.
1406 3607 1490 3674 Cum

439 3715 552 3776 sutem
574 3713 644 3784 tam
667 3707 771 3773 vestri
802 3727 901 3792 quam
928 3707 1042 3772 nuntii
1064 3708 1171 3774 nostri
1193 3707 1360 3796 praedictis
1383 3709 1436 3775 dic
1459 3715 1494 3776 ct

439 3815 510 3880 loco
540 3811 780 3886 convenissent,
803 3831 861 3896 per
890 3815 1022 3875 nostros
1052 3811 1162 3896 parati
1183 3811 1359 3878 fuissemus
1380 3812 1493 3878 incon·

441 3914 563 3981 tinenti
598 3913 693 3978 vobis
723 3911 896 3977 emendare
927 3911 1083 3997 quicquid
1113 3935 1172 4000 per
1198 3910 1261 3980 nos
1283 3920 1343 3980 aut
1365 3920 1494 3982 nostros

442 4023 557 4084 contra
594 4037 653 4081 vos
691 4013 808 4080 extitit
844 4015 1075 4100 interceptum,
1110 4037 1179 4084 non
1215 4017 1282 4083 fuit
1320 4039 1362 4083 ex
1399 4024 1494 4106 purte

476 4339 559 4392 ¹Thc
570 4341 652 4392 words
664 4337 754 4390 within
773 4340 888 4391 brackets
901 4351 944 4392 ure
993 4341 1278 4396 sufferedmuchsince.
1313 4343 1366 4396 But
1375 4343 1417 4394 his
1425 4349 1494 4394 trun·

443 4419 559 4485 supplied
581 4419 646 4470 from
658 4419 806 4484 Briquigny
829 4419 942 4483 (Lettres
991 4422 1070 4486 script
1081 4423 1112 4473 of
1124 4425 1192 4475 ubst
1211 4424 1321 4476 remeius
1338 4425 1362 4475 is
1380 4439 1444 4490 very
1454 4423 1494 4473 in-

445 4501 488 4550 des
499 4499 569 4561 Rois,
582 4505 637 4558 etc,
649 4497 667 4548 i.
679 4513 703 4561 p.
717 4501 770 4562 54),
779 4498 837 4548 who
849 4515 907 4565 says
916 4501 948 4550 he
990 4509 1115 4564 accurate,
1127 4505 1179 4553 sud
1189 4503 1203 4553 1
1214 4510 1315 4570 suspect
1333 4503 1455 4555 mistskes
1466 4503 1493 4552 in

444 4581 523 4630 found
544 4577 587 4628 the
606 4577 680 4627 letter
692 4579 707 4604 “
716 4577 905 4628 utamaluaits
921 4585 948 4629 et
989 4580 1034 4631 the
1051 4588 1110 4632 rest
1148 4582 1232 4634 Terra
1254 4584 1346 4635 should
1369 4583 1492 4647 certainly

445 4661 460 4686 ‘⁶
477 4658 492 4708 i
510 4660 535 4708 ln
554 4657 629 4710 seille
648 4657 724 4707 d’une
740 4657 895 4708 destruction
906 4665 944 4708 to-
991 4661 1023 4710 be
1035 4667 1122 4713 terras.

443 4741 457 4766 ‘⁸'
476 4737 551 4788 talc.''
594 4737 634 4788 As
653 4736 707 4790 will
726 4737 759 4788 be
776 4748 843 4796 seen,
862 4737 947 4790 ithus
