3609 5800
403 883 653 936 renueremus
674 884 718 934 or
741 883 811 934 ren
833 883 942 934 sures
964 884 1008 934 os
1031 882 1152 934 snum
1177 883 1231 932 111.
1278 863 1342 936 187

290 1063 345 1130 vel
376 1083 484 1128 eorem
518 1062 694 1128 senescallo
715 1068 828 1128 vestro
851 1062 949 1129 dictes
972 1053 1159 1128 vioeoomiti
1191 1060 1343 1126 exhibere

292 1165 349 1233 et¹
387 1165 530 1252 recipere
575 1165 619 1231 ob
652 1167 766 1232 eodem
805 1165 949 1254 justitiae
990 1165 1274 1252 complementum,
1309 1167 1344 1228 et

291 1271 379 1336 idem
416 1268 595 1335 vicecomes
632 1269 757 1334 curium
790 1274 936 1334 vestrum
970 1273 1005 1336 et
1041 1267 1208 1334 senescalli
1241 1266 1344 1332 vestri

291 1373 421 1460 fugiens
443 1395 510 1438 non
532 1372 708 1460 permittet
739 1372 828 1459 quod
857 1393 918 1437 vos
940 1371 995 1437 vel
1017 1369 1213 1438 senescallus
1234 1374 1344 1436 vester

294 1476 334 1541 de
355 1476 482 1542 mutuis
505 1473 724 1562 petitionibus
747 1475 957 1562 eognoseetis.

337 1578 479 1664 Ver[nm
502 1577 628 1664 sciat]is
655 1577 744 1664 quod
769 1575 858 1663 [cum
876 1576 927 1662 in]
951 1575 1138 1642 exhibenda
1160 1574 1288 1640 nobis
1275 1596 1343 1662 Jus·
1358 1582 1397 1632 Y0
1382 1597 1428 1632 0111
1439 1597 1493 1646 pm-

293 1681 374 1746 titia
396 1680 551 1746 dominus
577 1679 782 1744 Bertrendus
809 1679 850 1744 de
875 1677 1077 1756 Cardelieco,
1103 1681 1250 1765 tempore
1279 1699 1344 1763 quo
1357 1656 1422 1777 {ffi’l
1429 1665 1510 1766 „2²⁰⁹”

293 1789 363 1848 erat
397 1805 457 1870 pro
480 1781 616 1848 vobis
606 1805 642 1846 1n
664 1783 693 1847 is
694 1781 739 1848 tis
761 1787 837 1898 pert
822 1781 912 1848 tibus
942 1781 1145 1861 senescallus,
1175 1781 1409 1868 negligensle
1358 1783 1409 1832 lien
1415 1753 1461 1834 ’the

292 1886 393 1951 fuerit
414 1884 610 1950 mirabiliter
632 1889 667 1949 et
688 1884 851 1962 remissus
873 1905 933 1950 neo
956 1883 1101 1970 aliquem
1124 1851 1472 1982 defensionemlisffi,
1467 1867 1505 1900 ¹¹¹⁸

293 1988 482 2075 impendere
496 1987 593 2053 nobis
608 1986 759 2065 voluerit,
782 1987 862 2053 licet
883 2007 905 2052 s
926 1986 1022 2052 nobis
1044 1986 1233 2072 frequenter
1246 1985 1346 2052 fuerit
1358 1984 1477 2100 i⁰l¹³h¹a¹⁵³

294 2113 392 2177 snper
414 2092 476 2156 hoc
500 2090 685 2176 requisitus,
702 2095 837 2178 propter
859 2089 949 2177 quod
972 2089 1059 2176 pessi
1086 2089 1211 2156 fuimus
1239 2058 1420 2167 multubll„
1432 2119 1487 2169 „bre

297 2193 438 2274 demna3
461 2215 521 2259 nos
536 2197 690 2259 verentes
715 2215 758 2258 ne
781 2193 935 2258 dominus
958 2192 980 2257 J
983 2193 1128 2258 ohannes
1144 2193 1184 2258 de
1208 2192 1346 2258 Lelindn
1359 2186 1429 2234 todo
1439 2187 1485 2235 but

294 2245 487 2362 senescallus
502 2299 612 2362 vester
635 2295 716 2360 dicti
739 2295 866 2360 domini
889 2296 1066 2361 Bertrendi
1090 2297 1129 2362 de
1154 2295 1344 2362 Curdnliaco
1359 2252 1422 2302 lim
1429 2253 1467 2302 sor
1439 2269 1510 2304 orus.

294 2398 473 2486 negligent
464 2419 531 2464 rem
554 2403 588 2463 et
618 2399 782 2464 defectum
813 2398 898 2464 velit
928 2398 1059 2464 trahere
1082 2400 1125 2464 ad
1148 2400 1343 2486 exemplum,

293 2501 507 2567 sublimitatis
536 2508 656 2568 vestrse
688 2501 896 2567 clementiam
931 2501 1027 2566 flexis
1061 2501 1200 2588 genibus
1235 2503 1343 2567 humi-

294 2606 371 2670 liter
391 2625 565 2670 exoramus
587 2612 627 2670 ut
648 2604 755 2670 eidem
779 2604 913 2669 domino
937 2603 1093 2682 Johenni,
1117 2605 1195 2670 licet
1217 2609 1257 2670 ut
1279 2626 1344 2670 cre·

296 2709 404 2774 dimus
434 2731 495 2772 nos
529 2707 727 2772 defendendi
751 2710 785 2772 et
803 2706 948 2792 juvandi
978 2705 1111 2772 firmum
1142 2709 1344 2794 propositum

298 2811 428 2888 habeat,
455 2832 529 2875 oum
558 2832 626 2876 non
648 2815 764 2876 noceat
794 2809 913 2874 emisso
944 2809 1084 2876 subdere
1107 2811 1226 2876 oeleem
1250 2833 1343 2899 equo,

294 2914 372 2980 dare
387 2914 568 3001 dignemini
583 2935 642 3001 per
664 2914 777 2979 literas
800 2912 836 2977 in
858 2912 1027 2979 mendatis
1050 2919 1090 2979 ut
1111 2936 1170 2981 nos
1192 2920 1226 2980 et
1249 2916 1345 2981 liber-

293 3022 379 3082 tates
400 3022 530 3081 nostrae
540 3016 640 3103 juvet
655 3020 690 3081 et
704 3014 870 3094 defendat,
886 3018 922 3081 et
937 3016 978 3081 de
993 3016 1124 3082 demnis
1146 3017 1242 3091 nobis
1258 3018 1345 3083 dotis

293 3120 464 3186 emendam
486 3124 521 3185 et
543 3118 800 3185 satisfactionem
822 3119 918 3184 nobis
940 3120 1012 3184 fieri
1037 3118 1138 3185 liciat
1160 3126 1346 3208 competen-

294 3228 371 3301 tem,
397 3227 434 3288 et
455 3222 647 3309 compellere
670 3222 797 3287 dictum
819 3222 1054 3303 vicecomitem,
1079 3224 1136 3309 qui
1166 3244 1264 3311 super
1286 3224 1347 3290 hoc

294 3326 388 3391 vobis
415 3326 606 3391 inobediens
629 3330 664 3391 et
685 3322 817 3391 rebellis
839 3324 964 3403 existit,
987 3328 1027 3391 ut
1056 3327 1093 3390 in
1116 3332 1227 3392 vestre
1256 3328 1348 3393 curie

295 3429 348 3494 vel
369 3449 477 3494 eorem
500 3430 614 3495 eodem
637 3428 814 3495 senescallo
836 3431 949 3493 vestro
971 3452 993 3493 a
1022 3428 1117 3495 nobis
1146 3429 1284 3517 recipiet
1312 3437 1347 3496 et

293 3531 393 3597 faciut
418 3530 562 3617 justitie>
591 3532 878 3617 complementum.
939 3530 1033 3595 Alias
1063 3531 1160 3609 enim,
1191 3554 1265 3597 oum
1295 3533 1347 3597 in·

295 3634 419 3700 defensi
442 3654 510 3700 non
531 3654 700 3720 possemus
721 3637 852 3699 tantem
866 3652 1030 3721 gnemM,
1046 3638 1177 3699 tentem
1193 3638 1345 3721 stragem,

294 3742 427 3802 tentum
448 3736 637 3825 periculum,
661 3741 715 3801 tot
740 3736 910 3823 augustius
933 3740 967 3803 et
989 3736 1178 3823 pestilentis
1207 3738 1347 3804 ulter-im

294 3838 440 3917 tolerare,
456 3838 609 3927 oportet⁹
629 3838 670 3903 de
685 3837 880 3905 necessitate
894 3860 956 3903 nos
970 3840 1007 3904 in
1030 3860 1183 3927 magnam
1198 3840 1347 3927 despere-

294 3942 420 4007 tionem
442 3940 640 4021 accumbere,
663 3942 718 4006 vel
740 3963 800 4006 nos
818 3946 858 4007 et
880 3941 1007 4007 dictum
1030 3948 1174 4007 castrum
1198 3942 1347 4009 Lemovi-

295 4066 390 4109 oense
411 4045 547 4110 omnino
570 4044 697 4109 destrui
719 4049 754 4110 et
776 4045 910 4130 penitus
932 4044 1078 4109 desolari.

339 4148 445 4235 Super
473 4148 547 4213 eliis
575 4152 689 4213 eutem
713 4146 833 4213 dilecto
862 4149 975 4213 nostro
998 4146 1167 4234 Stephano
1191 4146 1346 4213 Germoni

294 4250 521 4337 comburgensi
543 4254 666 4330 nostro,
692 4250 722 4315 si
743 4249 859 4337 placet,
883 4249 1116 4316 indubitanter
1142 4250 1289 4328 credetis,
1312 4256 1348 4316 et

296 4354 395 4418 fidem
416 4353 638 4418 omnimodum
661 4352 847 4419 adbibestis
861 4354 897 4418 in
913 4352 966 4419 his
982 4374 1056 4441 quae
1071 4353 1166 4419 vobis
1189 4376 1231 4419 ex
1252 4358 1347 4441 parte

295 4461 408 4521 nostra
437 4478 534 4543 super
571 4463 663 4522 stetu
692 4462 805 4522 nostro
835 4456 969 4523 duxerit
1005 4456 1204 4544 explicanda.
1263 4458 1348 4524 Ocn-

354 4668 504 4675 ——-—--—-
511 4668 520 4673 -
530 4668 578 4675 ----
616 4670 621 4674 -
641 4667 966 4675 ———-—--.-—--

332 4796 393 4863 ¹21]
411 4795 569 4848 uolnus.
832 4795 839 4863 ι
883 4796 1014 4863 werec]
1033 4797 1220 4863 oponsius.
