<?xml version="1.0" encoding="UTF-8"?>
<!DOCTYPE html PUBLIC "-//W3C//DTD XHTML 1.0 Transitional//EN"
    "http://www.w3.org/TR/xhtml1/DTD/xhtml1-transitional.dtd">
<html xmlns="http://www.w3.org/1999/xhtml" xml:lang="en" lang="en">
 <head>
  <title>
</title>
<meta http-equiv="Content-Type" content="text/html;charset=utf-8" />
  <meta name='ocr-system' content='tesseract 3.04.00' />
  <meta name='ocr-capabilities' content='ocr_page ocr_carea ocr_par ocr_line ocrx_word'/>
</head>
<body>
  <div class='ocr_page' id='page_1' title='image "./royalandotherhi00shirgoog_0126.png"; bbox 0 0 3609 5800; ppageno 0'>
   <div class='ocr_carea' id='block_1_1' title="bbox 435 854 1369 915">
    <p class='ocr_par' dir='ltr' id='par_1_1' title="bbox 435 854 1369 915">
     <span class='ocr_line' id='line_1_1' title="bbox 435 854 1369 915; baseline 0.009 -8"><span class='ocrx_word' id='word_1_1' title='bbox 435 858 686 911; x_wconf 75' lang='lat' dir='ltr'><strong>Inuusrns&#39;rlvn</strong></span> <span class='ocrx_word' id='word_1_2' title='bbox 708 860 752 909; x_wconf 78' lang='lat' dir='ltr'><strong>OF</strong></span> <span class='ocrx_word' id='word_1_3' title='bbox 775 860 845 909; x_wconf 79' lang='lat' dir='ltr'><strong>THE</strong></span> <span class='ocrx_word' id='word_1_4' title='bbox 868 862 975 911; x_wconf 72' lang='lat' dir='ltr'><strong>emon</strong></span> <span class='ocrx_word' id='word_1_5' title='bbox 998 862 1042 911; x_wconf 77' lang='lat' dir='ltr'><strong>OF</strong></span> <span class='ocrx_word' id='word_1_6' title='bbox 1065 863 1186 913; x_wconf 77' lang='lat' dir='ltr'><strong>HENRY</strong></span> <span class='ocrx_word' id='word_1_7' title='bbox 1209 866 1257 914; x_wconf 90' lang='lat'>111.</span> <span class='ocrx_word' id='word_1_8' title='bbox 1328 854 1369 915; x_wconf 83' lang='lat'><strong>55</strong></span> 
     </span>
    </p>
   </div>
   <div class='ocr_carea' id='block_1_2' title="bbox 722 1198 963 1271">
    <p class='ocr_par' dir='ltr' id='par_1_2' title="bbox 722 1198 963 1271">
     <span class='ocr_line' id='line_1_2' title="bbox 722 1198 963 1271; baseline 0.017 -4"><span class='ocrx_word' id='word_1_9' title='bbox 722 1198 963 1271; x_wconf 82' lang='lat' dir='ltr'><strong>OOOOLVIII.</strong></span> 
     </span>
    </p>
   </div>
   <div class='ocr_carea' id='block_1_3' title="bbox 384 1396 1291 1569">
    <p class='ocr_par' dir='ltr' id='par_1_3' title="bbox 384 1396 1291 1569">
     <span class='ocr_line' id='line_1_3' title="bbox 384 1396 1291 1478; baseline 0.006 -16"><span class='ocrx_word' id='word_1_10' title='bbox 384 1398 514 1463; x_wconf 78' lang='lat' dir='ltr'><strong>Hnnnr</strong></span> <span class='ocrx_word' id='word_1_11' title='bbox 538 1396 604 1465; x_wconf 92' lang='lat' dir='ltr'>III.</span> <span class='ocrx_word' id='word_1_12' title='bbox 628 1412 671 1463; x_wconf 90' lang='lat' dir='ltr'><strong>ro</strong></span> <span class='ocrx_word' id='word_1_13' title='bbox 695 1396 808 1463; x_wconf 80' lang='lat' dir='ltr'><strong>Snron</strong></span> <span class='ocrx_word' id='word_1_14' title='bbox 830 1414 878 1463; x_wconf 86' lang='lat' dir='ltr'><strong>on</strong></span> <span class='ocrx_word' id='word_1_15' title='bbox 902 1398 1103 1478; x_wconf 82' lang='lat' dir='ltr'><strong>Mourronr,</strong></span> <span class='ocrx_word' id='word_1_16' title='bbox 1125 1402 1226 1468; x_wconf 71' lang='lat' dir='ltr'><strong>Eone</strong></span> <span class='ocrx_word' id='word_1_17' title='bbox 1247 1420 1291 1467; x_wconf 87' lang='lat' dir='ltr'><strong>or</strong></span> 
     </span>
     <span class='ocr_line' id='line_1_4' title="bbox 742 1500 941 1569; baseline 0.015 -3"><span class='ocrx_word' id='word_1_18' title='bbox 742 1500 941 1569; x_wconf 77' lang='lat' dir='ltr'><strong>Lnrorsrnn</strong></span> 
     </span>
    </p>
   </div>
   <div class='ocr_carea' id='block_1_4' title="bbox 593 1658 1082 1727">
    <p class='ocr_par' dir='ltr' id='par_1_4' title="bbox 593 1658 1082 1727">
     <span class='ocr_line' id='line_1_5' title="bbox 593 1658 1082 1727; baseline 0.004 -16"><span class='ocrx_word' id='word_1_19' title='bbox 593 1658 664 1723; x_wconf 84' lang='lat' dir='ltr'><strong>(Rot</strong></span> <span class='ocrx_word' id='word_1_20' title='bbox 677 1658 734 1711; x_wconf 73' lang='lat' dir='ltr'><strong>Pet.</strong></span> <span class='ocrx_word' id='word_1_21' title='bbox 746 1664 779 1711; x_wconf 78' lang='lat'><strong>³4</strong></span> <span class='ocrx_word' id='word_1_22' title='bbox 791 1658 858 1713; x_wconf 86' lang='lat' dir='ltr'><strong>Hen.</strong></span> <span class='ocrx_word' id='word_1_23' title='bbox 870 1658 929 1723; x_wconf 87' lang='lat' dir='ltr'><strong>m,</strong></span> <span class='ocrx_word' id='word_1_24' title='bbox 939 1662 1031 1713; x_wconf 84' lang='lat' dir='ltr'><strong>memb.</strong></span> <span class='ocrx_word' id='word_1_25' title='bbox 1044 1665 1082 1727; x_wconf 82' lang='lat'><strong>9.)</strong></span> 
     </span>
    </p>
   </div>
   <div class='ocr_carea' id='block_1_5' title="bbox 310 1796 1519 2297">
    <p class='ocr_par' dir='ltr' id='par_1_5' title="bbox 311 1796 1488 1977">
     <span class='ocr_line' id='line_1_6' title="bbox 357 1796 1488 1882; baseline 0.004 -19"><span class='ocrx_word' id='word_1_26' title='bbox 357 1796 430 1863; x_wconf 85' lang='lat' dir='ltr'><strong>Rex</strong></span> <span class='ocrx_word' id='word_1_27' title='bbox 464 1796 585 1865; x_wconf 81' lang='lat' dir='ltr'><strong>dilecto</strong></span> <span class='ocrx_word' id='word_1_28' title='bbox 617 1801 651 1864; x_wconf 88' lang='lat' dir='ltr'><strong>et</strong></span> <span class='ocrx_word' id='word_1_29' title='bbox 681 1798 780 1863; x_wconf 88' lang='lat' dir='ltr'><strong>fidelo</strong></span> <span class='ocrx_word' id='word_1_30' title='bbox 807 1820 866 1865; x_wconf 88' lang='lat' dir='ltr'><strong>suo</strong></span> <span class='ocrx_word' id='word_1_31' title='bbox 898 1798 1026 1867; x_wconf 87' lang='lat' dir='ltr'>Simoni</span> <span class='ocrx_word' id='word_1_32' title='bbox 1056 1800 1098 1865; x_wconf 89' lang='lat' dir='ltr'><strong>de</strong></span> <span class='ocrx_word' id='word_1_33' title='bbox 1121 1800 1236 1867; x_wconf 87' lang='lat' dir='ltr'><strong>Monte</strong></span> <span class='ocrx_word' id='word_1_34' title='bbox 1259 1800 1361 1881; x_wconf 84' lang='lat' dir='ltr'><strong>Forti,</strong></span> <span class='ocrx_word' id='word_1_35' title='bbox 1377 1826 1443 1882; x_wconf 72' lang='lat' dir='ltr'><strong>nov.</strong></span> <span class='ocrx_word' id='word_1_36' title='bbox 1455 1837 1488 1882; x_wconf 67' lang='lat'><strong>23</strong></span> 
     </span>
     <span class='ocr_line' id='line_1_7' title="bbox 311 1898 1451 1977; baseline 0.002 -12"><span class='ocrx_word' id='word_1_37' title='bbox 311 1900 424 1967; x_wconf 84' lang='lat' dir='ltr'><strong>eomiti</strong></span> <span class='ocrx_word' id='word_1_38' title='bbox 447 1898 639 1977; x_wconf 84' lang='lat' dir='ltr'><strong>Leioestriae,</strong></span> <span class='ocrx_word' id='word_1_39' title='bbox 654 1900 802 1968; x_wconf 81' lang='lat' dir='ltr'><strong>salutem.</strong></span> <span class='ocrx_word' id='word_1_40' title='bbox 1379 1901 1451 1949; x_wconf 77' lang='lat'><strong>¹²⁴⁹·</strong></span> 
     </span>
    </p>

    <p class='ocr_par' dir='ltr' id='par_1_6' title="bbox 310 2000 1519 2297">
     <span class='ocr_line' id='line_1_8' title="bbox 355 2000 1519 2091; baseline 0.003 -24"><span class='ocrx_word' id='word_1_41' title='bbox 355 2000 476 2069; x_wconf 83' lang='lat' dir='ltr'><strong>Sm&#39;otis</strong></span> <span class='ocrx_word' id='word_1_42' title='bbox 513 2002 602 2089; x_wconf 88' lang='lat' dir='ltr'><strong>quod</strong></span> <span class='ocrx_word' id='word_1_43' title='bbox 643 2002 794 2069; x_wconf 81' lang='lat' dir='ltr'>dedimus</span> <span class='ocrx_word' id='word_1_44' title='bbox 832 2002 998 2069; x_wconf 84' lang='lat' dir='ltr'><strong>Edwordo</strong></span> <span class='ocrx_word' id='word_1_45' title='bbox 1035 2004 1256 2091; x_wconf 86' lang='lat' dir='ltr'><strong>primogenito</strong></span> <span class='ocrx_word' id='word_1_46' title='bbox 1293 2006 1364 2073; x_wconf 84' lang='lat' dir='ltr'><strong>filio</strong></span> <span class='ocrx_word' id='word_1_47' title='bbox 1377 2016 1519 2085; x_wconf 76' lang='lat' dir='ltr'><strong>Applytho</strong></span> 
     </span>
     <span class='ocr_line' id='line_1_9' title="bbox 310 2099 1515 2203; baseline 0.004 -34"><span class='ocrx_word' id='word_1_48' title='bbox 310 2110 425 2170; x_wconf 88' lang='lat' dir='ltr'><strong>nostro</strong></span> <span class='ocrx_word' id='word_1_49' title='bbox 446 2109 553 2171; x_wconf 77' lang='lat' dir='ltr'><strong>totam</strong></span> <span class='ocrx_word' id='word_1_50' title='bbox 576 2110 699 2171; x_wconf 79' lang='lat' dir='ltr'><strong>terrem</strong></span> <span class='ocrx_word' id='word_1_51' title='bbox 722 2110 869 2171; x_wconf 80' lang='lat' dir='ltr'><strong>nostram</strong></span> <span class='ocrx_word' id='word_1_52' title='bbox 894 2106 1101 2186; x_wconf 82' lang='lat' dir='ltr'><strong>Wosooniae;</strong></span> <span class='ocrx_word' id='word_1_53' title='bbox 1124 2112 1159 2172; x_wconf 90' lang='lat' dir='ltr'><strong>et</strong></span> <span class='ocrx_word' id='word_1_54' title='bbox 1188 2108 1232 2173; x_wconf 82' lang='lat' dir='ltr'><strong>sd</strong></span> <span class='ocrx_word' id='word_1_55' title='bbox 1258 2108 1365 2194; x_wconf 82' lang='lat' dir='ltr'><strong>ipsum</strong></span> <span class='ocrx_word' id='word_1_56' title='bbox 1377 2099 1515 2203; x_wconf 58' lang='lat' dir='ltr'><strong>{ef&#39;ffld</strong></span> 
     </span>
     <span class='ocr_line' id='line_1_10' title="bbox 311 2207 1518 2297; baseline 0.003 -24"><span class='ocrx_word' id='word_1_57' title='bbox 311 2214 433 2273; x_wconf 78' lang='lat' dir='ltr'><strong>terram</strong></span> <span class='ocrx_word' id='word_1_58' title='bbox 465 2207 661 2273; x_wconf 81' lang='lat' dir='ltr'><strong>firmandam</strong></span> <span class='ocrx_word' id='word_1_59' title='bbox 699 2212 734 2273; x_wconf 90' lang='lat' dir='ltr'><strong>et</strong></span> <span class='ocrx_word' id='word_1_60' title='bbox 770 2209 1031 2275; x_wconf 83' lang='lat' dir='ltr'><strong>oonservendom</strong></span> <span class='ocrx_word' id='word_1_61' title='bbox 1069 2209 1220 2277; x_wconf 80' lang='lat' dir='ltr'>dedimus</span> <span class='ocrx_word' id='word_1_62' title='bbox 1257 2211 1364 2277; x_wconf 86' lang='lat' dir='ltr'><strong>eidem</strong></span> <span class='ocrx_word' id='word_1_63' title='bbox 1377 2220 1518 2297; x_wconf 68' lang='lat' dir='ltr'><strong>tonatim</strong></span> 
     </span>
    </p>
   </div>
   <div class='ocr_carea' id='block_1_6' title="bbox 311 2284 1493 2401">
    <p class='ocr_par' dir='ltr' id='par_1_7' title="bbox 311 2284 1493 2401">
     <span class='ocr_line' id='line_1_11' title="bbox 311 2284 1493 2401; baseline 0.008 -28"><span class='ocrx_word' id='word_1_64' title='bbox 311 2308 476 2375; x_wconf 74' lang='lat' dir='ltr'><strong>Eduardo</strong></span> <span class='ocrx_word' id='word_1_65' title='bbox 514 2308 719 2376; x_wconf 90' lang='lat' dir='ltr'><strong>omnimodos</strong></span> <span class='ocrx_word' id='word_1_66' title='bbox 757 2310 867 2377; x_wconf 86' lang='lat' dir='ltr'><strong>exitus</strong></span> <span class='ocrx_word' id='word_1_67' title='bbox 911 2311 1144 2399; x_wconf 87' lang='lat' dir='ltr'><strong>provenientes</strong></span> <span class='ocrx_word' id='word_1_68' title='bbox 1189 2312 1230 2379; x_wconf 90' lang='lat' dir='ltr'><strong>de</strong></span> <span class='ocrx_word' id='word_1_69' title='bbox 1274 2284 1493 2401; x_wconf 58' lang='lat' dir='ltr'><strong>terroffflffi</strong></span> 
     </span>
    </p>
   </div>
   <div class='ocr_carea' id='block_1_7' title="bbox 310 2410 1503 2806">
    <p class='ocr_par' dir='ltr' id='par_1_8' title="bbox 310 2410 1503 2806">
     <span class='ocr_line' id='line_1_12' title="bbox 311 2410 1503 2501; baseline 0.003 -24"><span class='ocrx_word' id='word_1_70' title='bbox 311 2416 425 2477; x_wconf 81' lang='lat' dir='ltr'><strong>nostre</strong></span> <span class='ocrx_word' id='word_1_71' title='bbox 447 2410 627 2490; x_wconf 74' lang='lat' dir='ltr'><strong>Hiberniae,</strong></span> <span class='ocrx_word' id='word_1_72' title='bbox 649 2434 670 2477; x_wconf 82' lang='lat' dir='ltr'><strong>u</strong></span> <span class='ocrx_word' id='word_1_73' title='bbox 692 2412 835 2479; x_wconf 88' lang='lat' dir='ltr'><strong>termino</strong></span> <span class='ocrx_word' id='word_1_74' title='bbox 858 2412 890 2479; x_wconf 86' lang='lat' dir='ltr'><strong>S.</strong></span> <span class='ocrx_word' id='word_1_75' title='bbox 915 2413 1086 2479; x_wconf 81' lang='lat' dir='ltr'>Michaelis</span> <span class='ocrx_word' id='word_1_76' title='bbox 1108 2412 1258 2500; x_wconf 85' lang='lat' dir='ltr'><strong>proxime</strong></span> <span class='ocrx_word' id='word_1_77' title='bbox 1281 2438 1364 2501; x_wconf 71' lang='lat' dir='ltr'><strong>pree</strong></span> <span class='ocrx_word' id='word_1_78' title='bbox 1377 2417 1503 2485; x_wconf 70' lang='lat' dir='ltr'><strong>Gneony.</strong></span> 
     </span>
     <span class='ocr_line' id='line_1_13' title="bbox 310 2514 1364 2601; baseline 0.003 -23"><span class='ocrx_word' id='word_1_79' title='bbox 310 2515 419 2591; x_wconf 86' lang='lat' dir='ltr'><strong>terito,</strong></span> <span class='ocrx_word' id='word_1_80' title='bbox 450 2535 538 2578; x_wconf 90' lang='lat' dir='ltr'><strong>anno</strong></span> <span class='ocrx_word' id='word_1_81' title='bbox 571 2514 695 2580; x_wconf 81' lang='lat' dir='ltr'><strong>scilieet</strong></span> <span class='ocrx_word' id='word_1_82' title='bbox 728 2514 822 2601; x_wconf 84' lang='lat' dir='ltr'><strong>regni</strong></span> <span class='ocrx_word' id='word_1_83' title='bbox 854 2515 962 2580; x_wconf 87' lang='lat' dir='ltr'><strong>nostri</strong></span> <span class='ocrx_word' id='word_1_84' title='bbox 993 2514 1159 2581; x_wconf 83' lang='lat' dir='ltr'><strong>tricesimo</strong></span> <span class='ocrx_word' id='word_1_85' title='bbox 1193 2516 1303 2594; x_wconf 85' lang='lat' dir='ltr'><strong>tertie,</strong></span> <span class='ocrx_word' id='word_1_86' title='bbox 1326 2519 1364 2581; x_wconf 91' lang='lat' dir='ltr'><strong>in</strong></span> 
     </span>
     <span class='ocr_line' id='line_1_14' title="bbox 310 2616 1364 2702; baseline 0.003 -21"><span class='ocrx_word' id='word_1_87' title='bbox 310 2616 393 2681; x_wconf 86' lang='lat' dir='ltr'><strong>duos</strong></span> <span class='ocrx_word' id='word_1_88' title='bbox 414 2637 518 2681; x_wconf 80' lang='lat' dir='ltr'><strong>annos</strong></span> <span class='ocrx_word' id='word_1_89' title='bbox 541 2616 696 2681; x_wconf 74' lang='lat' dir='ltr'><strong>continue</strong></span> <span class='ocrx_word' id='word_1_90' title='bbox 718 2620 899 2702; x_wconf 74' lang='lat' dir='ltr'><strong>sequentes,</strong></span> <span class='ocrx_word' id='word_1_91' title='bbox 937 2616 983 2682; x_wconf 88' lang='lat' dir='ltr'><strong>Et</strong></span> <span class='ocrx_word' id='word_1_92' title='bbox 998 2617 1229 2682; x_wconf 86' lang='lat' dir='ltr'><strong>mandavimus</strong></span> <span class='ocrx_word' id='word_1_93' title='bbox 1245 2618 1364 2684; x_wconf 81' lang='lat' dir='ltr'><strong>dilecto</strong></span> 
     </span>
     <span class='ocr_line' id='line_1_15' title="bbox 310 2717 1363 2806; baseline 0.003 -23"><span class='ocrx_word' id='word_1_94' title='bbox 310 2722 346 2783; x_wconf 92' lang='lat' dir='ltr'><strong>et</strong></span> <span class='ocrx_word' id='word_1_95' title='bbox 381 2717 474 2785; x_wconf 86' lang='lat' dir='ltr'><strong>fideli</strong></span> <span class='ocrx_word' id='word_1_96' title='bbox 504 2724 617 2783; x_wconf 88' lang='lat' dir='ltr'><strong>nostro</strong></span> <span class='ocrx_word' id='word_1_97' title='bbox 655 2717 679 2784; x_wconf 84' lang='lat' dir='ltr'>J</span> <span class='ocrx_word' id='word_1_98' title='bbox 682 2718 833 2805; x_wconf 83' lang='lat' dir='ltr'><strong>[ohanni]</strong></span> <span class='ocrx_word' id='word_1_99' title='bbox 873 2718 958 2783; x_wconf 87' lang='lat' dir='ltr'><strong>Filio</strong></span> <span class='ocrx_word' id='word_1_100' title='bbox 997 2718 1148 2799; x_wconf 78' lang='lat' dir='ltr'><strong>Gslfridi,</strong></span> <span class='ocrx_word' id='word_1_101' title='bbox 1177 2719 1363 2806; x_wconf 84' lang='lat' dir='ltr'><strong>justiciario</strong></span> 
     </span>
    </p>
   </div>
   <div class='ocr_carea' id='block_1_8' title="bbox 309 2820 1362 2910">
    <p class='ocr_par' dir='ltr' id='par_1_9' title="bbox 309 2820 1362 2910">
     <span class='ocr_line' id='line_1_16' title="bbox 309 2820 1362 2910; baseline 0.004 -25"><span class='ocrx_word' id='word_1_102' title='bbox 309 2825 422 2887; x_wconf 90' lang='lat' dir='ltr'><strong>nostro</strong></span> <span class='ocrx_word' id='word_1_103' title='bbox 445 2820 626 2897; x_wconf 70' lang='lat' dir='ltr'><strong>Hiberniae,</strong></span> <span class='ocrx_word' id='word_1_104' title='bbox 649 2820 738 2908; x_wconf 89' lang='lat' dir='ltr'><strong>quod</strong></span> <span class='ocrx_word' id='word_1_105' title='bbox 772 2820 975 2887; x_wconf 90' lang='lat' dir='ltr'><strong>omnimodos</strong></span> <span class='ocrx_word' id='word_1_106' title='bbox 1004 2826 1186 2909; x_wconf 88' lang='lat' dir='ltr'><strong>proventus</strong></span> <span class='ocrx_word' id='word_1_107' title='bbox 1215 2822 1257 2887; x_wconf 91' lang='lat' dir='ltr'><strong>de</strong></span> <span class='ocrx_word' id='word_1_108' title='bbox 1279 2845 1362 2910; x_wconf 84' lang='lat' dir='ltr'><strong>prse-</strong></span> 
     </span>
    </p>
   </div>
   <div class='ocr_carea' id='block_1_9' title="bbox 306 2923 1365 4444">
    <p class='ocr_par' dir='ltr' id='par_1_10' title="bbox 306 2923 1365 4444">
     <span class='ocr_line' id='line_1_17' title="bbox 308 2923 1364 3012; baseline 0.001 -23"><span class='ocrx_word' id='word_1_109' title='bbox 308 2925 379 2990; x_wconf 82' lang='lat' dir='ltr'><strong>fnto</strong></span> <span class='ocrx_word' id='word_1_110' title='bbox 410 2927 500 2990; x_wconf 79' lang='lat' dir='ltr'><strong>terre</strong></span> <span class='ocrx_word' id='word_1_111' title='bbox 531 2929 644 2990; x_wconf 85' lang='lat' dir='ltr'><strong>nostro</strong></span> <span class='ocrx_word' id='word_1_112' title='bbox 677 2923 849 2990; x_wconf 84' lang='lat' dir='ltr'><strong>Hibemiae</strong></span> <span class='ocrx_word' id='word_1_113' title='bbox 880 2945 938 3012; x_wconf 88' lang='lat' dir='ltr'><strong>per</strong></span> <span class='ocrx_word' id='word_1_114' title='bbox 970 2923 1145 3012; x_wconf 80' lang='lat' dir='ltr'><strong>praefatum</strong></span> <span class='ocrx_word' id='word_1_115' title='bbox 1175 2925 1364 3008; x_wconf 89' lang='lat' dir='ltr'><strong>terminum,</strong></span> 
     </span>
     <span class='ocr_line' id='line_1_18' title="bbox 309 3025 1365 3115; baseline 0.001 -23"><span class='ocrx_word' id='word_1_116' title='bbox 309 3032 380 3092; x_wconf 82' lang='lat' dir='ltr'><strong>tom</strong></span> <span class='ocrx_word' id='word_1_117' title='bbox 410 3027 451 3092; x_wconf 90' lang='lat' dir='ltr'><strong>de</strong></span> <span class='ocrx_word' id='word_1_118' title='bbox 484 3025 677 3106; x_wconf 88' lang='lat' dir='ltr'><strong>redditibus,</strong></span> <span class='ocrx_word' id='word_1_119' title='bbox 701 3027 831 3108; x_wconf 78' lang='lat' dir='ltr'><strong>warois,</strong></span> <span class='ocrx_word' id='word_1_120' title='bbox 856 3027 1001 3107; x_wconf 82' lang='lat' dir='ltr'><strong>esooetis,</strong></span> <span class='ocrx_word' id='word_1_121' title='bbox 1026 3049 1125 3115; x_wconf 87' lang='lat' dir='ltr'><strong>quam</strong></span> <span class='ocrx_word' id='word_1_122' title='bbox 1148 3028 1189 3092; x_wconf 90' lang='lat' dir='ltr'><strong>de</strong></span> <span class='ocrx_word' id='word_1_123' title='bbox 1211 3029 1365 3094; x_wconf 89' lang='lat' dir='ltr'><strong>omnibus</strong></span> 
     </span>
     <span class='ocr_line' id='line_1_19' title="bbox 308 3127 1365 3208; baseline 0.002 -14"><span class='ocrx_word' id='word_1_124' title='bbox 308 3129 392 3208; x_wconf 82' lang='lat' dir='ltr'><strong>aliis,</strong></span> <span class='ocrx_word' id='word_1_125' title='bbox 430 3127 550 3196; x_wconf 82' lang='lat' dir='ltr'><strong>habere</strong></span> <span class='ocrx_word' id='word_1_126' title='bbox 587 3128 689 3194; x_wconf 84' lang='lat' dir='ltr'><strong>faeiat</strong></span> <span class='ocrx_word' id='word_1_127' title='bbox 725 3129 820 3194; x_wconf 85' lang='lat' dir='ltr'><strong>vobis</strong></span> <span class='ocrx_word' id='word_1_128' title='bbox 859 3127 902 3193; x_wconf 86' lang='lat' dir='ltr'><strong>ad</strong></span> <span class='ocrx_word' id='word_1_129' title='bbox 940 3128 1143 3196; x_wconf 75' lang='lat' dir='ltr'><strong>munitiones</strong></span> <span class='ocrx_word' id='word_1_130' title='bbox 1184 3132 1219 3196; x_wconf 88' lang='lat' dir='ltr'><strong>et</strong></span> <span class='ocrx_word' id='word_1_131' title='bbox 1256 3137 1365 3196; x_wconf 78' lang='lat' dir='ltr'><strong>oestro</strong></span> 
     </span>
     <span class='ocr_line' id='line_1_20' title="bbox 308 3229 1364 3317; baseline 0.002 -22"><span class='ocrx_word' id='word_1_132' title='bbox 308 3231 459 3296; x_wconf 81' lang='lat' dir='ltr'><strong>facienda</strong></span> <span class='ocrx_word' id='word_1_133' title='bbox 491 3229 529 3295; x_wconf 92' lang='lat' dir='ltr'><strong>in</strong></span> <span class='ocrx_word' id='word_1_134' title='bbox 560 3229 699 3317; x_wconf 78' lang='lat' dir='ltr'><strong>praefnto</strong></span> <span class='ocrx_word' id='word_1_135' title='bbox 731 3233 822 3295; x_wconf 84' lang='lat' dir='ltr'><strong>terra</strong></span> <span class='ocrx_word' id='word_1_136' title='bbox 844 3229 1036 3298; x_wconf 82' lang='lat' dir='ltr'><strong>Wuseoniae.</strong></span> <span class='ocrx_word' id='word_1_137' title='bbox 1084 3231 1130 3296; x_wconf 86' lang='lat' dir='ltr'><strong>Et</strong></span> <span class='ocrx_word' id='word_1_138' title='bbox 1164 3230 1238 3296; x_wconf 91' lang='lat' dir='ltr'><strong>ideo</strong></span> <span class='ocrx_word' id='word_1_139' title='bbox 1268 3232 1364 3297; x_wconf 87' lang='lat' dir='ltr'><strong>vobis</strong></span> 
     </span>
     <span class='ocr_line' id='line_1_21' title="bbox 310 3331 1363 3422; baseline 0.002 -24"><span class='ocrx_word' id='word_1_140' title='bbox 310 3333 506 3400; x_wconf 85' lang='lat' dir='ltr'><strong>mundamus</strong></span> <span class='ocrx_word' id='word_1_141' title='bbox 529 3332 618 3418; x_wconf 90' lang='lat' dir='ltr'><strong>quod</strong></span> <span class='ocrx_word' id='word_1_142' title='bbox 641 3331 782 3419; x_wconf 84' lang='lat' dir='ltr'><strong>oooeptis</strong></span> <span class='ocrx_word' id='word_1_143' title='bbox 805 3331 1024 3419; x_wconf 72' lang='lat' dir='ltr'><strong>proventibus</strong></span> <span class='ocrx_word' id='word_1_144' title='bbox 1047 3333 1215 3422; x_wconf 82' lang='lat' dir='ltr'><strong>praedietis</strong></span> <span class='ocrx_word' id='word_1_145' title='bbox 1237 3356 1258 3400; x_wconf 89' lang='lat' dir='ltr'><strong>s</strong></span> <span class='ocrx_word' id='word_1_146' title='bbox 1281 3357 1363 3422; x_wconf 89' lang='lat' dir='ltr'><strong>prae-</strong></span> 
     </span>
     <span class='ocr_line' id='line_1_22' title="bbox 310 3433 1364 3522; baseline 0 -20"><span class='ocrx_word' id='word_1_147' title='bbox 310 3437 399 3502; x_wconf 85' lang='lat' dir='ltr'><strong>dicto</strong></span> <span class='ocrx_word' id='word_1_148' title='bbox 431 3433 617 3521; x_wconf 74' lang='lat' dir='ltr'><strong>justitiario</strong></span> <span class='ocrx_word' id='word_1_149' title='bbox 655 3439 779 3516; x_wconf 90' lang='lat' dir='ltr'><strong>nostro,</strong></span> <span class='ocrx_word' id='word_1_150' title='bbox 812 3433 897 3500; x_wconf 85' lang='lat' dir='ltr'><strong>siout</strong></span> <span class='ocrx_word' id='word_1_151' title='bbox 929 3435 960 3500; x_wconf 91' lang='lat' dir='ltr'><strong>ei</strong></span> <span class='ocrx_word' id='word_1_152' title='bbox 993 3457 1052 3522; x_wconf 91' lang='lat' dir='ltr'><strong>per</strong></span> <span class='ocrx_word' id='word_1_153' title='bbox 1086 3435 1199 3500; x_wconf 84' lang='lat' dir='ltr'><strong>literas</strong></span> <span class='ocrx_word' id='word_1_154' title='bbox 1232 3441 1364 3502; x_wconf 79' lang='lat' dir='ltr'><strong>nostres</strong></span> 
     </span>
     <span class='ocr_line' id='line_1_23' title="bbox 309 3535 1364 3626; baseline 0.002 -24"><span class='ocrx_word' id='word_1_155' title='bbox 309 3541 461 3626; x_wconf 83' lang='lat' dir='ltr'><strong>potentes</strong></span> <span class='ocrx_word' id='word_1_156' title='bbox 484 3535 725 3618; x_wconf 77' lang='lat' dir='ltr'><strong>mandavimus,</strong></span> <span class='ocrx_word' id='word_1_157' title='bbox 748 3535 826 3602; x_wconf 89' lang='lat' dir='ltr'><strong>inde</strong></span> <span class='ocrx_word' id='word_1_158' title='bbox 855 3536 929 3601; x_wconf 89' lang='lat' dir='ltr'><strong>fieri</strong></span> <span class='ocrx_word' id='word_1_159' title='bbox 954 3535 1083 3603; x_wconf 70' lang='lat' dir='ltr'><strong>laniatis</strong></span> <span class='ocrx_word' id='word_1_160' title='bbox 1105 3537 1307 3603; x_wconf 74' lang='lat' dir='ltr'><strong>munitiones</strong></span> <span class='ocrx_word' id='word_1_161' title='bbox 1329 3545 1364 3604; x_wconf 90' lang='lat' dir='ltr'><strong>et</strong></span> 
     </span>
     <span class='ocr_line' id='line_1_24' title="bbox 309 3638 1364 3726; baseline 0 -20"><span class='ocrx_word' id='word_1_162' title='bbox 309 3645 425 3720; x_wconf 84' lang='lat' dir='ltr'><strong>costra,</strong></span> <span class='ocrx_word' id='word_1_163' title='bbox 447 3639 527 3704; x_wconf 89' lang='lat' dir='ltr'><strong>loois</strong></span> <span class='ocrx_word' id='word_1_164' title='bbox 542 3639 661 3725; x_wconf 89' lang='lat' dir='ltr'><strong>quibus</strong></span> <span class='ocrx_word' id='word_1_165' title='bbox 684 3638 801 3704; x_wconf 88' lang='lat' dir='ltr'><strong>melius</strong></span> <span class='ocrx_word' id='word_1_166' title='bbox 825 3638 978 3704; x_wconf 85' lang='lat' dir='ltr'><strong>videritis</strong></span> <span class='ocrx_word' id='word_1_167' title='bbox 1000 3639 1163 3726; x_wconf 87' lang='lat' dir='ltr'><strong>expedire,</strong></span> <span class='ocrx_word' id='word_1_168' title='bbox 1179 3639 1222 3706; x_wconf 83' lang='lat' dir='ltr'><strong>ud</strong></span> <span class='ocrx_word' id='word_1_169' title='bbox 1243 3642 1364 3706; x_wconf 80' lang='lat' dir='ltr'><strong>securi-</strong></span> 
     </span>
     <span class='ocr_line' id='line_1_25' title="bbox 309 3741 1363 3827; baseline 0 -19"><span class='ocrx_word' id='word_1_170' title='bbox 309 3746 414 3808; x_wconf 84' lang='lat' dir='ltr'><strong>tatem</strong></span> <span class='ocrx_word' id='word_1_171' title='bbox 452 3748 485 3808; x_wconf 90' lang='lat' dir='ltr'><strong>et</strong></span> <span class='ocrx_word' id='word_1_172' title='bbox 519 3741 803 3808; x_wconf 84' lang='lat' dir='ltr'><strong>conservationem</strong></span> <span class='ocrx_word' id='word_1_173' title='bbox 835 3745 933 3806; x_wconf 80' lang='lat' dir='ltr'><strong>terrm</strong></span> <span class='ocrx_word' id='word_1_174' title='bbox 967 3742 1134 3827; x_wconf 85' lang='lat' dir='ltr'><strong>praediotae</strong></span> <span class='ocrx_word' id='word_1_175' title='bbox 1171 3741 1363 3810; x_wconf 85' lang='lat' dir='ltr'><strong>Wasooniae.</strong></span> 
     </span>
     <span class='ocr_line' id='line_1_26' title="bbox 308 3842 1363 3932; baseline 0 -22"><span class='ocrx_word' id='word_1_176' title='bbox 308 3844 471 3910; x_wconf 87' lang='lat' dir='ltr'><strong>Volumus</strong></span> <span class='ocrx_word' id='word_1_177' title='bbox 505 3843 605 3910; x_wconf 84' lang='lat' dir='ltr'><strong>etiam</strong></span> <span class='ocrx_word' id='word_1_178' title='bbox 636 3866 695 3932; x_wconf 87' lang='lat' dir='ltr'><strong>por</strong></span> <span class='ocrx_word' id='word_1_179' title='bbox 728 3842 923 3930; x_wconf 79' lang='lat' dir='ltr'><strong>praedictum</strong></span> <span class='ocrx_word' id='word_1_180' title='bbox 948 3843 1171 3928; x_wconf 84' lang='lat' dir='ltr'><strong>justiciarium</strong></span> <span class='ocrx_word' id='word_1_181' title='bbox 1194 3845 1363 3910; x_wconf 82' lang='lat' dir='ltr'><strong>certiorari</strong></span> 
     </span>
     <span class='ocr_line' id='line_1_27' title="bbox 309 3945 1365 4034; baseline 0.001 -23"><span class='ocrx_word' id='word_1_182' title='bbox 309 3947 392 4034; x_wconf 89' lang='lat' dir='ltr'><strong>quid</strong></span> <span class='ocrx_word' id='word_1_183' title='bbox 424 3952 459 4012; x_wconf 92' lang='lat' dir='ltr'><strong>et</strong></span> <span class='ocrx_word' id='word_1_184' title='bbox 490 3952 651 4032; x_wconf 75' lang='lat' dir='ltr'><strong>quantum</strong></span> <span class='ocrx_word' id='word_1_185' title='bbox 687 3945 730 4010; x_wconf 85' lang='lat' dir='ltr'><strong>sd</strong></span> <span class='ocrx_word' id='word_1_186' title='bbox 764 3967 803 4012; x_wconf 86' lang='lat' dir='ltr'><strong>ea</strong></span> <span class='ocrx_word' id='word_1_187' title='bbox 835 3945 986 4012; x_wconf 84' lang='lat' dir='ltr'><strong>facienda</strong></span> <span class='ocrx_word' id='word_1_188' title='bbox 1017 3947 1058 4013; x_wconf 89' lang='lat' dir='ltr'><strong>de</strong></span> <span class='ocrx_word' id='word_1_189' title='bbox 1088 3945 1246 4032; x_wconf 76' lang='lat' dir='ltr'><strong>proedicto</strong></span> <span class='ocrx_word' id='word_1_190' title='bbox 1275 3953 1365 4012; x_wconf 83' lang='lat' dir='ltr'><strong>terro</strong></span> 
     </span>
     <span class='ocr_line' id='line_1_28' title="bbox 308 4047 1361 4136; baseline -0.003 -19"><span class='ocrx_word' id='word_1_191' title='bbox 308 4049 481 4116; x_wconf 84' lang='lat' dir='ltr'><strong>Hiberniae</strong></span> <span class='ocrx_word' id='word_1_192' title='bbox 523 4048 619 4116; x_wconf 83' lang='lat' dir='ltr'><strong>vobis</strong></span> <span class='ocrx_word' id='word_1_193' title='bbox 665 4047 865 4114; x_wconf 85' lang='lat' dir='ltr'><strong>liberaverit.</strong></span> <span class='ocrx_word' id='word_1_194' title='bbox 928 4047 995 4114; x_wconf 88' lang='lat' dir='ltr'><strong>Vos</strong></span> <span class='ocrx_word' id='word_1_195' title='bbox 1033 4047 1137 4136; x_wconf 86' lang='lat' dir='ltr'><strong>igitur</strong></span> <span class='ocrx_word' id='word_1_196' title='bbox 1174 4048 1277 4114; x_wconf 85' lang='lat' dir='ltr'><strong>talem</strong></span> <span class='ocrx_word' id='word_1_197' title='bbox 1318 4050 1361 4114; x_wconf 85' lang='lat' dir='ltr'><strong>ed</strong></span> 
     </span>
     <span class='ocr_line' id='line_1_29' title="bbox 306 4149 1362 4241; baseline -0.002 -23"><span class='ocrx_word' id='word_1_198' title='bbox 306 4152 467 4241; x_wconf 81' lang='lat' dir='ltr'><strong>praedicta</strong></span> <span class='ocrx_word' id='word_1_199' title='bbox 481 4151 632 4218; x_wconf 76' lang='lat' dir='ltr'><strong>faciendo</strong></span> <span class='ocrx_word' id='word_1_200' title='bbox 654 4149 862 4238; x_wconf 84' lang='lat' dir='ltr'><strong>diligentiam</strong></span> <span class='ocrx_word' id='word_1_201' title='bbox 876 4149 1074 4232; x_wconf 71' lang='lat' dir='ltr'><strong>adhibentis,</strong></span> <span class='ocrx_word' id='word_1_202' title='bbox 1091 4149 1179 4238; x_wconf 91' lang='lat' dir='ltr'><strong>quod</strong></span> <span class='ocrx_word' id='word_1_203' title='bbox 1194 4152 1362 4237; x_wconf 85' lang='lat' dir='ltr'><strong>perpetuis</strong></span> 
     </span>
     <span class='ocr_line' id='line_1_30' title="bbox 307 4251 1362 4342; baseline -0.003 -22"><span class='ocrx_word' id='word_1_204' title='bbox 307 4253 513 4342; x_wconf 81' lang='lat' dir='ltr'><strong>temporibus</strong></span> <span class='ocrx_word' id='word_1_205' title='bbox 547 4254 668 4320; x_wconf 82' lang='lat' dir='ltr'><strong>exinde</strong></span> <span class='ocrx_word' id='word_1_206' title='bbox 702 4253 850 4320; x_wconf 78' lang='lat' dir='ltr'><strong>debeatis</strong></span> <span class='ocrx_word' id='word_1_207' title='bbox 880 4252 999 4318; x_wconf 89' lang='lat' dir='ltr'><strong>merito</strong></span> <span class='ocrx_word' id='word_1_208' title='bbox 1030 4251 1257 4318; x_wconf 79' lang='lat' dir='ltr'><strong>commendari.</strong></span> <span class='ocrx_word' id='word_1_209' title='bbox 1319 4253 1362 4317; x_wconf 92' lang='lat' dir='ltr'><strong>In</strong></span> 
     </span>
     <span class='ocr_line' id='line_1_31' title="bbox 307 4353 1362 4444; baseline -0.003 -20"><span class='ocrx_word' id='word_1_210' title='bbox 307 4357 411 4444; x_wconf 88' lang='lat' dir='ltr'><strong>eujus,</strong></span> <span class='ocrx_word' id='word_1_211' title='bbox 434 4361 492 4424; x_wconf 86' lang='lat' dir='ltr'><strong>ete.</strong></span> <span class='ocrx_word' id='word_1_212' title='bbox 525 4356 638 4442; x_wconf 81' lang='lat' dir='ltr'><strong>[Teste</strong></span> <span class='ocrx_word' id='word_1_213' title='bbox 660 4377 735 4444; x_wconf 85' lang='lat' dir='ltr'><strong>rege</strong></span> <span class='ocrx_word' id='word_1_214' title='bbox 758 4354 846 4443; x_wconf 88' lang='lat' dir='ltr'><strong>apud</strong></span> <span class='ocrx_word' id='word_1_215' title='bbox 862 4353 1058 4436; x_wconf 82' lang='lat' dir='ltr'><strong>Clarendon,</strong></span> <span class='ocrx_word' id='word_1_216' title='bbox 1074 4355 1230 4419; x_wconf 83' lang='lat' dir='ltr'><strong>vicesimo</strong></span> <span class='ocrx_word' id='word_1_217' title='bbox 1245 4359 1362 4421; x_wconf 85' lang='lat' dir='ltr'><strong>ootnvo</strong></span> 
     </span>
    </p>
   </div>
   <div class='ocr_carea' id='block_1_10' title="bbox 308 4459 609 4544">
    <p class='ocr_par' dir='ltr' id='par_1_11' title="bbox 308 4459 609 4544">
     <span class='ocr_line' id='line_1_32' title="bbox 308 4459 609 4544; baseline -0.01 -18"><span class='ocrx_word' id='word_1_218' title='bbox 308 4461 364 4526; x_wconf 87' lang='lat' dir='ltr'><strong>die</strong></span> <span class='ocrx_word' id='word_1_219' title='bbox 387 4459 609 4544; x_wconf 80' lang='lat' dir='ltr'><strong>Novembris]</strong></span> 
     </span>
    </p>
   </div>
   <div class='ocr_carea' id='block_1_11' title="bbox 628 4691 1058 4702">
    <p class='ocr_par' dir='ltr' id='par_1_12' title="bbox 628 4691 1058 4702">
     <span class='ocr_line' id='line_1_33' title="bbox 628 4691 1058 4702; baseline 0 -2"><span class='ocrx_word' id='word_1_220' title='bbox 628 4691 993 4702; x_wconf 52' lang='grc' dir='ltr'><em>...Ἥ-..-</em></span> <span class='ocrx_word' id='word_1_221' title='bbox 1007 4691 1058 4700; x_wconf 71' lang='lat'><strong>---</strong></span> 
     </span>
    </p>
   </div>
   <div class='ocr_carea' id='block_1_12' title="bbox 0 0 1810 5800">
    <p class='ocr_par' dir='ltr' id='par_1_13' title="bbox 0 0 1810 5800">
     <span class='ocr_line' id='line_1_34' title="bbox 0 0 1810 5800; baseline 0 0"><span class='ocrx_word' id='word_1_222' title='bbox 0 0 1810 5800; x_wconf 95' lang='lat' dir='ltr'><strong> </strong></span> 
     </span>
    </p>
   </div>
  </div>
 </body>
</html>
