3609 5800
436 898 501 961 162
581 912 697 960 ROYAL
719 912 793 960 AND
816 911 931 966 ornus
954 911 1161 960 meremoth
1185 911 1340 960 Lerisus.

432 1087 531 1165 istud,
553 1090 656 1173 prout
678 1087 786 1153 eidem
809 1108 852 1153 ex
873 1092 968 1174 parte
991 1092 1103 1153 vostro
1125 1086 1253 1152 directa
1267 1083 1385 1162 friorat,
1409 1082 1489 1148 satis

431 1189 515 1256 bene
537 1211 572 1258 se
594 1189 722 1259 habuit.

264 1293 371 1344 Weim-
477 1290 544 1359 sed
565 1291 627 1358 hoc
648 1295 725 1378 post
746 1312 936 1379 expressum
958 1293 1152 1359 mandatum
1183 1289 1310 1356 domini
1333 1285 1492 1352 Edwardi

264 1360 398 1476 libid?
432 1392 665 1472 intelleximus,
687 1395 776 1481 quod
798 1394 925 1460 inimici
947 1395 1051 1460 nostri
1073 1416 1148 1459 cum
1170 1393 1304 1462 domino
1326 1388 1492 1456 Edwardo

151 1526 153 1529 ·
265 1499 419 1570 t⁰¹¹⁰‚⁰⁰¹²¹·
433 1499 469 1561 et
490 1495 562 1582 ejus
584 1497 722 1564 concilio
737 1503 916 1584 procurant
939 1498 1026 1583 quod
1040 1496 1105 1583 ipsi
1127 1499 1162 1562 11
1176 1516 1289 1560 eorum
1311 1494 1399 1559 bona
1415 1491 1491 1577 jure

264 1573 564 1688 1111111111111111
594 1599 764 1686 acquisita,
805 1621 946 1688 quorum
988 1600 1081 1668 valor
1117 1603 1169 1664 est
1205 1597 1296 1662 mille
1331 1595 1491 1682 librarum

433 1701 666 1789 sterlingorum
696 1703 845 1789 quolibet
874 1725 961 1770 anno
999 1703 1034 1767 in
1071 1700 1213 1778 redditu,
1251 1699 1312 1766 sub
1349 1697 1491 1784 quadam

433 1803 540 1869 formu
576 1805 714 1871 modicae
750 1804 898 1892 pecuniae
935 1804 1125 1871 liberentur.
1186 1802 1352 1868 Timentes
1388 1799 1493 1886 igitur

434 1906 523 1991 quod
560 1907 642 1972 dicti
664 1908 791 1973 inimici
828 1912 863 1974 et
900 1928 1013 1973 eorum
1036 1907 1124 1973 bona
1144 1905 1275 1970 inclusa
1296 1903 1333 1967 in
1367 1899 1493 1966 domini

433 2009 539 2074 nostri
571 2009 731 2076 Edwardi
761 2010 919 2075 damnum
954 2014 989 2075 et
1022 2009 1127 2076 nostri
1164 2005 1394 2096 praejudicium
1424 2025 1491 2068 non

343 2155 348 2160 -
433 2112 599 2178 modicum
631 2113 771 2179 dedecus
803 2117 837 2178 et
873 2133 1053 2200 gravamen
1084 2111 1270 2200 pronihilo
1300 2110 1489 2185 liberentur,

434 2214 662 2281 excellentiam
684 2219 838 2292 vestram,
863 2213 905 2280 de
939 2236 1004 2301 qua
1036 2215 1147 2279 omnis
1168 2212 1257 2278 bona
1279 2232 1353 2298 quae
1375 2231 1435 2276 nos
1458 2213 1492 2274 et

433 2316 540 2382 nostri
578 2317 676 2383 amici
712 2316 837 2382 habent
872 2316 993 2382 habere
1031 2317 1169 2382 dicimus
1214 2321 1249 2381 et
1292 2318 1493 2401 reputamus,

434 2417 590 2486 duximus
616 2419 744 2506 junctis
786 2418 938 2488 manibus
976 2418 1214 2506 implorandam
1251 2425 1285 2484 et
1323 2415 1493 2483 humiliter
1529 2502 1533 2510 ἱ

433 2521 644 2602 exorandam,
661 2528 832 2609 quatenus,
848 2523 876 2586 si
890 2527 1011 2590 1111111
1026 2521 1126 2608 regine
1141 2519 1306 2607 majestati
1322 2517 1491 2606 placuerit,

433 2622 566 2689 domino
588 2629 702 2689 nostro
726 2623 891 2690 Eduardo
914 2644 972 2710 per
1006 2629 1134 2688 vestras
1163 2622 1276 2688 literas
1298 2618 1489 2707 injungatis,

432 2724 521 2810 quod
555 2725 596 2790 de
626 2725 775 2812 hisquae
803 2725 880 2810 jure
902 2723 1035 2790 arbitrii
1057 2724 1203 2790 lucratus
1226 2728 1286 2803 est,
1310 2721 1490 2788 commissis

432 2826 642 2892 inimicorum
674 2833 865 2893 nostrorum
893 2827 1113 2915 exigentibus,
1145 2828 1195 2892 its
1227 2828 1268 2892 de
1301 2825 1389 2890 {beili
1423 2846 1491 2890 non

433 2929 590 2995 demittat
627 2931 716 3015 quod
753 2952 811 3016 per
847 2931 909 2995 hoc
947 2930 1005 2995 ulii
1044 2929 1230 3017 exemplum
1262 2929 1425 3017 accipiant
1455 2929 1492 2992 in

432 3031 542 3117 ipsum
585 3032 754 3097 dominum
799 3037 833 3098 et
870 3032 1041 3099 vestrum¹
1081 3032 1301 3119 delinquendi,
1333 3036 1377 3114 11
1404 3031 1493 3118 quod

434 3132 563 3213 damna,
593 3133 772 3212 missiones,
801 3133 949 3213 dedecus,
989 3140 1024 3199 11
1053 3136 1249 3222 gravamina
1271 3156 1345 3221 quse
1368 3154 1427 3199 nos
1457 3138 1492 3199 et

434 3236 555 3301 amicos
585 3241 715 3302 nostros
746 3236 803 3300 diu
836 3237 908 3323 pati
940 3238 1096 3324 oportuit,
1120 3237 1201 3303 dicti
1235 3236 1363 3303 domini
1388 3237 1492 3302 nostri

433 3335 591 3403 Edwardi
621 3338 709 3404 facto
741 3360 803 3405 nos
843 3340 914 3404 uine
952 3362 1051 3427 poena
1085 3340 1139 3406 vel
1174 3339 1311 3405 emends
1343 3344 1493 3432 oportent

433 3439 613 3529 indulgere,
651 3446 685 3507 et
724 3440 892 3507 dimittere
930 3443 1125 3530 petitionem
1163 3442 1364 3509 consimilem
1394 3464 1493 3529 quam

433 3541 592 3608 habemus
614 3543 650 3608 in
679 3544 802 3611 multos
824 3544 906 3611 ulios
929 3544 1027 3611 dictae
1050 3545 1204 3625 civitatis,
1233 3552 1267 3611 et
1290 3545 1377 3632 quod
1400 3566 1493 3632 prece

433 3643 489 3709 vel
519 3645 671 3732 precibus
703 3646 889 3733 aliquorum
923 3648 993 3713 sine
1015 3648 1188 3717 voluntate
1211 3652 1323 3713 vestra
1343 3651 1378 3713 et
1400 3670 1492 3713 man-

434 3745 514 3811 dato
550 3747 682 3834 speciali
708 3748 749 3813 de
786 3748 837 3814 his
870 3748 1076 3815 incursorum
1110 3749 1278 3836 acquisitis
1309 3749 1406 3815 alicui
1439 3750 1493 3815 vel

434 3848 599 3935 aliquibus
626 3872 694 3917 non
724 3851 859 3931 relaxet,
888 3856 929 3917 ut
951 3851 1101 3940 exemplo
1133 3873 1240 3939 poenae
1270 3852 1326 3919 alii
1349 3858 1494 3941 paveant

434 3950 625 4038 delinquere
650 3954 692 4018 de
712 3960 822 4021 cetero
855 3954 892 4018 in
914 3960 1063 4021 vestrum
1095 3954 1277 4020 dominium
1309 3960 1345 4020 et
1367 3955 1492 4024 dictum

436 4052 606 4119 dominum
628 4061 780 4121 nostrum
804 4056 1014 4122 Edwardum.

267 4162 391 4229 Iaetyour
481 4153 641 4244 Injungat
663 4158 813 4223 etiamsi
837 4158 945 4246 placet
967 4164 1080 4225 vestra
1101 4159 1295 4226 excellentia
1317 4159 1492 4227 senescallo

268 4230 417 4348 {nffl
436 4254 608 4325 Vaseoniae
641 4264 675 4325 et
709 4260 844 4325 domino
866 4259 1015 4326 Johanni
1047 4261 1136 4348 quod
1171 4283 1338 4351 expensas,
1370 4267 1492 4339 custus

268 4366 415 4426 topayour
435 4358 605 4426 missiones
629 4383 709 4448 quas
739 4383 799 4427 nos
821 4366 856 4428 11
878 4363 977 4429 amici
1000 4364 1106 4433 nostri
1129 4364 1186 4431 diu
1209 4364 1426 4431 sustinuimus
1450 4365 1493 4430 ob

268 4441 398 4491 ‘mm‘
436 4460 496 4525 hoc
529 4461 662 4544 fuctum,
693 4468 728 4529 et
758 4486 817 4551 per
848 4464 1024 4530 arbitrium
1056 4488 1077 4530 a
1108 4467 1202 4534 vobis
1229 4466 1334 4546 nobis,
1360 4466 1493 4533 domine

436 4564 715 4646 excellentissime,
740 4566 914 4653 judicatas,
937 4573 971 4633 et
1004 4567 1041 4632 in
1074 4569 1166 4635 curia
1188 4568 1313 4635 domini
1336 4569 1493 4636 Edwardi

550 4780 557 4807 ¹
574 4778 690 4843 1111111]
710 4778 745 4833 so
756 4778 817 4833 lis.
851 4780 966 4846 Perhaps
976 4780 1103 4833 dominium
1115 4782 1233 4834 hasbeen
1247 4782 1358 4835 omitted.
