3609 5800
382 844 389 855 ’
417 862 460 933 74
568 879 682 928 uorsa
705 878 778 928 lun
801 880 919 929 ornan
941 879 1148 929 ursromcsu
1171 880 1319 929 umrsas

416 1116 453 1132 ..
478 1116 485 1130 .
510 1070 580 1131 toto
597 1114 1464 1132 .............................

417 1168 544 1255 burgcri
576 1172 650 1232 vest
672 1217 1263 1233 ....................
1287 1169 1372 1233 endo
1397 1219 1404 1233 .
1428 1220 1434 1232 .
1459 1220 1465 1231 .

417 1324 978 1340 ...................
1000 1274 1210 1340 elsitudinem
1244 1325 1465 1340 ........

417 1426 1199 1443 ..........................
1223 1399 1298 1464 quae
1320 1377 1406 1443 male
1428 1430 1433 1441 .
1460 1427 1465 1441 .

415 1602 521 1667 nuper
542 1580 634 1667 regia
656 1630 1286 1646 .....................

749 1814 753 1822 ι
771 1816 942 1823 ----——.--
959 1817 967 1821 -
977 1817 1024 1823 ..ψ--

796 1986 1065 2057 OOOOLXXVI.

485 2122 670 2202 Raruoun,
694 2120 873 2188 Vrscouur
895 2138 941 2187 or
962 2120 1088 2202 Soura,
1112 2138 1155 2188 ro
1178 2120 1309 2189 Hnuar
1332 2120 1398 2187 111.

750 2256 846 2325 (Roysl
857 2258 965 2319 Letters
976 2257 1024 2310 No.
1042 2260 1136 2323 lmus.)

248 2372 404 2423 Abouthb.
463 2360 645 2427 Serenitati
681 2361 779 2448 regiae
816 2360 1000 2447 majestatis
1045 2362 1223 2427 denunciat
1261 2360 1469 2425 Raimundus

249 2441 330 2489 ¹²⁵²·¹
420 2462 623 2551 W[illelmi],
645 2462 823 2530 vicecomes
854 2462 895 2529 ds
918 2462 1026 2543 Secula,
1053 2462 1204 2529 minister
1233 2461 1350 2540 fidelis,
1379 2461 1466 2548 quod

247 2548 337 2598 1have
346 2556 372 2599 ‘⁰
416 2588 490 2632 curn
524 2565 676 2632 dominus
706 2565 822 2632 Simon
845 2566 972 2633 Montis
996 2565 1115 2644 Fortis,
1145 2585 1251 2630 comcs
1274 2563 1468 2643 Leiffiffiaeae

247 2616 373 2731 (efflas
415 2690 531 2756 gerens
556 2668 594 2733 in
617 2668 813 2735 Vasconiam
839 2668 928 2735 vices
950 2672 1085 2746 vestras,
1115 2667 1339 2733 mandavisset
1362 2665 1468 2731 eidem

247 2755 383 2866 {efficat
416 2777 456 2835 ut
471 2771 513 2835 ad
537 2760 662 2835 curia'm
683 2791 777 2835 suam
799 2771 940 2849 veniret,
962 2771 1031 2859 ipsc
1054 2774 1188 2857 propter
1209 2768 1296 2833 mala
1318 2767 1468 2855 exemplu

246 2882 360 2933 received
418 2872 555 2960 quaeda
586 2872 675 2938 dicto
705 2871 824 2938 comite
857 2872 1040 2952 audiverat,
1071 2877 1189 2961 utpote
1222 2871 1300 2958 quia
1322 2870 1466 2950 videbat,

246 2949 365 3065 pgpope
416 2976 502 3041 sicut
523 2975 630 3040 adhuc
651 2981 796 3062 apparet,
813 2977 901 3061 quod
924 2997 1030 3042 comes
1049 2981 1178 3063 ceperat
1199 2974 1344 3040 nobilem
1359 2974 1468 3038 virum

247 3081 379 3133 Leieesrer.
417 3077 588 3143 dominum
598 3076 831 3164 W[illelmum]
848 3077 1092 3164 chgramont,
1102 3079 1161 3165 qui
1176 3077 1220 3142 ad
1234 3077 1357 3144 curiam
1373 3097 1466 3142 suam

418 3187 561 3259 venerat,
586 3183 620 3245 et
642 3179 749 3245 adhuc
771 3179 880 3266 ipsum
903 3185 1035 3268 captum
1057 3182 1189 3259 retinet,
1213 3179 1365 3266 quamvis
1386 3183 1468 3244 tunc

415 3279 573 3346 obtulerit
603 3285 637 3347 et
670 3281 778 3348 adhuc
799 3282 918 3347 offerat
950 3289 1040 3348 stare
1069 3282 1147 3366 juri,
1170 3304 1239 3347 non
1269 3281 1336 3346 fuit
1368 3301 1467 3345 ausus

415 3383 485 3448 sine
508 3382 681 3460 conductu,
696 3384 783 3449 sicut
805 3406 865 3449 nec
888 3385 987 3450 multi
1008 3385 1067 3450 clii
1090 3385 1130 3451 de
1146 3383 1316 3465 vasconia,
1334 3387 1468 3469 propter

415 3483 557 3570 exempli
592 3485 771 3572 perniciem
811 3487 964 3552 accedere
1005 3487 1220 3573 personaliter
1263 3485 1307 3552 ad
1343 3485 1467 3550 curiam

415 3587 544 3652 comitis
565 3587 755 3674 supradicti,
779 3579 962 3676 prasertim
988 3610 1063 3654 cum
1096 3589 1231 3654 timeret
1262 3587 1467 3674 quorumdam

414 3689 607 3754 inimicitias
629 3689 785 3775 capitales
797 3715 806 3770 3
829 3691 886 3755 sed
910 3690 1114 3755 Willclmum
1131 3689 1311 3754 Raimundi
1334 3689 1375 3753 dc
1399 3688 1468 3754 Foo

415 3790 556 3856 militem
579 3812 675 3854 suum
697 3794 733 3855 et
758 3793 882 3856 socium
905 3791 1086 3858 destinavit
1107 3792 1151 3856 ad
1182 3793 1313 3869 curiam,
1337 3791 1396 3876 qui
1424 3810 1468 3856 ex

414 3897 509 3979 parte
532 3915 592 3958 sua
614 3893 826 3960 denunciaret
848 3895 970 3972 comiti,
993 3895 1064 3960 sive
1085 3893 1136 3959 illi
1159 3895 1216 3980 qui
1241 3893 1349 3959 locum
1371 3913 1466 3957 suum

414 3996 451 4060 in
485 3995 574 4061 dicta
607 3995 698 4062 curia
729 4001 810 4062 tunc
842 3996 988 4078 tenebat,
1011 3997 1101 4084 quod
1120 3997 1299 4063 vicecomes
1332 3999 1468 4082 propter

415 4097 575 4184 praedicta
613 4098 656 4163 ad
687 4118 781 4164 suam
814 4098 940 4164 curiam
976 4099 1192 4185 personaliter
1220 4097 1371 4164 accedere
1399 4118 1467 4162 non

415 4200 566 4278 audebat,
585 4200 642 4265 sed
664 4199 692 4264 si
715 4199 937 4286 assignaretur
959 4199 1023 4265 sibi
1044 4201 1135 4268 locus
1156 4201 1294 4267 idoneus
1309 4200 1352 4266 ad
1369 4221 1467 4285 quem

414 4305 524 4388 posset
568 4301 637 4366 sine
677 4301 822 4388 periculo
866 4301 918 4366 sui
957 4303 1100 4390 corporis
1136 4303 1293 4381 accedere,
1332 4307 1368 4367 et
1404 4300 1468 4366 sibi

415 4405 572 4468 securitas
606 4403 723 4468 idonea
760 4403 972 4490 praeberetur,
1003 4410 1138 4492 paratus
1171 4409 1242 4469 erat
1276 4404 1388 4468 venire
1426 4402 1467 4467 ad

414 4507 486 4592 ejus
509 4507 641 4585 curiam,
665 4511 700 4570 et
722 4505 785 4570 sibi
809 4506 912 4570 vestri
934 4507 1067 4570 nomine
1088 4506 1192 4572 facere
1215 4507 1303 4593 quod
1326 4504 1467 4579 deberet,

432 4677 794 4685 ——-—--———.-..--
1066 4678 1194 4684 -——..--
1216 4677 1292 4684 --.....
1320 4675 1456 4682 -—...---.-

754 4771 760 4800 ¹
779 4769 827 4821 See
837 4770 910 4821 letter
921 4769 1149 4823 coccuxxvn.
