3609 5800
428 876 680 930 ruausrmmva
704 879 749 927 os
770 878 841 928 ren
867 877 974 928 111111
999 880 1043 929 or
1067 883 1186 934 1111111
1207 884 1258 935 111.
1307 873 1371 938 183

322 1079 396 1122 oum
440 1057 533 1122 istud
577 1056 748 1143 negotium
794 1057 839 1121 sit
883 1077 1061 1136 armorum,
1096 1063 1131 1126 et
1169 1061 1210 1128 de
1249 1061 1372 1130 talibus

322 1159 467 1248 negotiis
489 1159 659 1226 senescalli
681 1157 824 1246 puniant
846 1165 881 1225 et
911 1165 1109 1248 cognoscant
1135 1163 1176 1228 de
1199 1171 1372 1231 consuetu·

323 1263 401 1328 dine
434 1262 533 1348 hujus
565 1267 669 1329 terrea.
716 1263 804 1328 Item
838 1269 873 1330 ct
910 1285 970 1350 pro
1007 1285 1045 1330 eo
1082 1265 1170 1350 quod
1200 1288 1268 1332 non
1301 1273 1373 1334 erat

323 1371 434 1432 tutum
467 1364 565 1432 dietis
596 1365 815 1452 burgensibus
846 1365 883 1430 in
914 1364 984 1452 ejus
1018 1368 1109 1434 ouria
1141 1367 1282 1456 litigare,
1314 1394 1373 1438 neo

321 1469 398 1555 ipse,
429 1475 590 1555 tanquam
623 1469 680 1534 ille
717 1468 776 1554 qui
814 1468 936 1534 eisdem
974 1469 1144 1557 praemissa
1177 1472 1299 1539 damna
1338 1479 1373 1540 et

320 1571 515 1656 gravamina
529 1571 699 1650 inferebat,
718 1571 825 1658 judex
847 1591 961 1636 eorum
983 1573 1019 1636 in
1041 1573 1216 1658 praemissis
1240 1576 1280 1640 de
1298 1575 1372 1660 jure

320 1675 375 1738 vel
396 1673 635 1740 consuetudine
664 1695 733 1740 esse
764 1677 895 1760 poterat
918 1673 973 1738 vel
995 1674 1159 1756 debebat;
1188 1679 1371 1763 praesertim

321 1801 396 1844 cum
427 1799 495 1844 non
538 1779 769 1864 cognoscerent
806 1777 907 1841 immo
944 1783 1103 1863 negarent
1139 1777 1247 1865 ipsum
1284 1781 1372 1848 vioe·

321 1881 473 1947 comitem
491 1881 637 1967 judicem
661 1879 716 1945 vel
739 1878 911 1944 dourinum
931 1899 1028 1944 suum
1050 1901 1126 1946 csse.

365 1983 489 2048 Verum
505 2005 583 2050 cum·
603 2003 700 2069 super
723 1981 920 2069 quibusdam
935 1983 1023 2070 posis
1038 1987 1074 2048 et
1088 1985 1275 2052 securitatis
1289 1991 1373 2052 trac·

320 2086 448 2152 tatibus
462 2108 523 2151 nos
537 2108 596 2172 per
610 2089 685 2150 octo
699 2084 770 2149 dies
784 2087 820 2149 et
834 2085 975 2171 amplius
997 2085 1165 2164 tenuisset,
1183 2089 1240 2174 qui
1260 2093 1371 2155 tamen

320 2192 483 2255 tractatus
504 2190 540 2254 in
562 2189 720 2254 honorem
742 2191 891 2254 vestrum
914 2187 1050 2254 minime
1072 2189 1312 2272 redundabant,
1328 2194 1371 2258 ad

321 2291 477 2357 ultimum
491 2291 580 2357 idem
601 2291 781 2356 vicecomes
804 2289 984 2375 requisitus
1016 2289 1205 2376 frequenter
1220 2317 1254 2358 ,1
1275 2295 1371 2360 nobis

320 2400 355 2459 ot
386 2393 475 2459 facta
508 2393 572 2459 sibi
604 2413 704 2478 super
733 2392 796 2457 boo
827 2390 1024 2458 inhibitione
1057 2414 1099 2458 ex
1130 2399 1224 2479 perte
1249 2400 1368 2474 vestra,

320 2497 490 2584 provisum
511 2495 584 2562 est¹
609 2495 698 2581 quod
712 2499 851 2560 cessaret
866 2515 887 2558 a
900 2493 996 2559 malis
1012 2499 1046 2560 et
1063 2493 1191 2560 damnis
1207 2496 1368 2562 dictorum

320 2599 491 2664 consulum
513 2603 548 2665 et
570 2597 782 2685 burgensium
814 2616 918 2681 usque
952 2597 995 2662 ad
1028 2597 1149 2664 festum
1173 2599 1369 2686 Epiphaniae

320 2702 456 2767 Domini
477 2701 627 2788 proximo
655 2701 804 2780 instans;
826 2704 861 2765 et
894 2699 957 2766 hoc
990 2699 1078 2765 idem
1110 2701 1190 2768 dicti
1224 2703 1370 2768 eonsules

320 2806 548 2895 promiserunt.

363 2910 435 2976 Nos
456 2932 545 2990 vero,
560 2909 796 2975 deliberatione
818 2908 941 2987 habita,
964 2909 1029 2975 iter
1050 2910 1247 2997 arripuimus
1269 2907 1500 2979 eundilffisstoi
1501 2912 1555 2975 11‘8

320 3014 363 3078 ad
397 3014 569 3080 dominum
599 3012 799 3092 Odoardum,
831 3032 892 3098 pro
925 3010 1028 3098 ipsius
1059 3034 1156 3099 super
1193 3015 1411 3102 praemissism
1381 2975 1484 3091 1013111
1495 3044 1526 3091 of

320 3116 454 3182 oonsilio
476 3113 680 3201 requirendo.
725 3114 772 3180 Et
802 3112 956 3179 similiter
986 3118 1094 3183 totum
1116 3115 1242 3181 factum
1264 3124 1299 3183 et
1320 3120 1438 3183 reiP¹¹
1398 3108 1527 3158 ¹¹¹¹·⁰¹E¹¹

319 3218 502 3295 veritatem,
536 3222 636 3303 prout
666 3214 783 3281 melius
812 3220 847 3281 et
880 3217 985 3303 magis
1016 3217 1158 3283 fideliter
1189 3177 1519 3337 1011111111111,1811111Μὰ

320 3325 438 3387 vestrae
461 3320 663 3386 excellentias
677 3318 879 3398 intimamus,
895 3319 1118 3405 supplicantes
1132 3326 1251 3388 vestrae
1268 3324 1414 3410 regiae5⁰
1415 3324 1457 3359 ¹¹¹⁸
1465 3310 1526 3361 ²¹⁸⁰·

319 3422 485 3509 majestati
529 3426 570 3487 ut
613 3443 710 3507 super
754 3420 931 3507 praemissis
976 3421 1071 3488 nobis
1108 3424 1230 3510 absque
1267 3448 1367 3492 morse

321 3525 457 3612 diffugio
479 3524 668 3604 consulatis,
692 3529 727 3589 et
760 3524 855 3588 nobis
888 3546 947 3610 per
970 3531 1098 3590 vestras
1119 3526 1233 3591 literas
1255 3530 1367 3593 reseri-

320 3629 408 3694 batis
429 3628 510 3714 quid
532 3628 569 3691 in
590 3632 686 3691 tanto
709 3626 853 3714 periculo
875 3626 1076 3693 sublimitati
1098 3634 1217 3694 vestrm
1238 3629 1366 3717 plaoue·

322 3732 371 3797 rit
392 3753 453 3797 nos
473 3731 626 3796 facturos

364 3834 532 3900 Attendat
553 3837 665 3897 autem
698 3837 809 3898 vestra
835 3834 926 3919 regia
959 3833 1119 3899 celsitudo
1150 3838 1276 3900 statum
1298 3858 1366 3903 oas-

320 3937 364 4003 tn'
394 3935 636 4003 Lemovieensis
669 3941 704 4000 et
734 3935 946 4023 burgensium
970 3936 1050 4001 dicti
1083 3937 1153 4015 loci,
1184 3939 1219 4001 in
1242 3944 1366 4023 quanta

319 4046 427 4127 strage
464 4045 499 4105 et
527 4038 671 4127 periculo
701 4059 753 4104 res
783 4043 817 4102 et
849 4060 996 4125 personae
1026 4040 1170 4125 ipsorum
1207 4040 1365 4121 existunt,

320 4148 356 4209 et
377 4143 465 4229 quod
496 4141 626 4229 publice
647 4142 685 4204 in
707 4138 758 4205 his
780 4142 930 4226 partibus
961 4140 1082 4207 dieitur
1113 4142 1200 4227 quod
1223 4141 1366 4209 defensio

320 4245 533 4332 burgensium
564 4244 645 4309 dicti
677 4244 776 4309 castri
813 4235 981 4309 attrahere
1018 4244 1113 4310 vobis
1150 4248 1185 4309 et
1221 4244 1365 4311 dominio

320 4354 430 4414 vestro
452 4347 576 4435 poterit
599 4350 704 4412 totam
735 4346 879 4433 patriam
913 4352 947 4414 et
979 4346 1059 4413 alias
1092 4346 1213 4411 multas
1242 4352 1363 4435 gentes.

321 4451 487 4517 Attendat
509 4450 609 4516 etiam
631 4450 723 4537 regia
752 4450 910 4516 eelsitudo
945 4450 1032 4535 quod
1055 4448 1118 4513 nisi
1140 4448 1226 4513 infra
1247 4472 1366 4536 paucos
