3609 5800
455 868 497 931 54
611 878 725 931 norm
747 878 821 929 nun
844 878 962 929 ornus
984 874 1191 929 nrsrcrrcsr
1213 878 1361 929 arunas

870 1214 1091 1285 coccum

557 1426 688 1493 Hnunv
711 1423 780 1519 ΠΙ.
802 1440 845 1488 r0
868 1423 997 1489 Pnurr
1020 1421 1166 1505 Lovsuu
1190 1422 1407 1505 Tnmsusrn.

786 1584 882 1650 (noyn
892 1583 1000 1645 Inuus,
1012 1583 1061 1637 No.
1074 1586 1171 1649 esse.)

284 1740 347 1806 May
361 1745 400 1805 11,
499 1722 707 1810 H[enricus],
730 1723 794 1788 Dei
815 1721 933 1809 gratiae
955 1742 1017 1786 rex
1038 1686 1180 1809 angliae,
1203 1719 1358 1787 dominus
1383 1719 1507 1786 Hiber-

287 1812 358 1858 ¹²⁴⁹·
452 1826 526 1907 nise,
551 1827 621 1890 dux
643 1824 859 1893 Normanniae
883 1822 1085 1910 Aquitania,
1108 1828 1143 1889 e'c
1165 1844 1271 1889 comes
1293 1822 1507 1911 Andegaviee‚

453 1927 606 2014 Philippo
630 1926 744 2007 Luvel‚
769 1926 975 1992 thesaurario
999 1946 1066 2003 suo,
1091 1924 1239 1991 salutem

284 2034 392 2085 Yours
497 2032 586 2095 Bene
618 2029 770 2106 recolitis,
796 2034 835 2093 ut
869 2028 1041 2107 credimus,
1077 2027 1166 2113 quod
1196 2048 1303 2114 nuper
1335 2024 1506 2113 provisum

283 2100 515 2232 ffibgthefuit
537 2154 646 2197 coram
669 2131 764 2197 nobis
795 2131 830 2196 in
861 2129 1039 2217 praeseniia
1061 2133 1173 2194 vestra
1196 2135 1230 2194 et
1252 2128 1388 2193 Artsldi
1410 2128 1451 2193 dc
1473 2126 1506 2193 S.

282 2250 400 2299 arrange-
452 2235 602 2300 Romano
639 2240 674 2299 et
712 2232 848 2298 Henrici
887 2234 929 2297 de
960 2230 1155 2318 Wengham‚
1190 2231 1278 2317 quod
1316 2230 1358 2295 dc
1391 2228 1507 2317 primis

283 2304 412 2419 ffiby
451 2337 595 2403 denariis
618 2336 757 2423 receptis
780 2336 822 2401 ad
845 2333 1044 2401 scaccarium
1066 2339 1217 2399 nostrum
1233 2333 1373 2398 -Paschae
1403 2354 1507 2397 reser-

285 2434 412 2553 ¹›⁰⁰⁰{·b
451 2444 611 2506 verentur
633 2438 724 2504 mille
758 2438 851 2503 librae
874 2437 916 2503 ad
940 2457 1099 2523 expensas
1121 2434 1259 2523 hospitii
1282 2434 1397 2515 nostri,
1417 2435 1507 2500 unde

281 2518 427 2621 {isssiiee
452 2542 581 2609 habetis
604 2542 704 2607 breve
726 2545 877 2606 nostrum
899 2540 941 2605 de
970 2538 1135 2621 liberaie3
1167 2542 1202 2603 e'c
1223 2536 1312 2624 quod
1334 2537 1397 2603 sub
1419 2536 1506 2603 vela-

283 2637 422 2753 {ffldd
452 2648 566 2711 mento
589 2645 771 2710 diceremus
793 2644 898 2729 ipsam
921 2640 1095 2729 pecuniam
1129 2644 1329 2705 reservatam
1363 2660 1432 2705 esse
1463 2640 1506 2704 ad

285 2784 426 2832 emnam
451 2769 533 2833 opus
565 2751 783 2812 mercatorum
817 2744 938 2831 quibus
970 2749 1129 2809 tenemur.
1189 2742 1314 2808 Verum
1348 2740 1428 2827 quia
1465 2741 1505 2807 de

284 2837 426 2953 ffignos
450 2850 516 2913 illis
550 2848 642 2912 mille
685 2846 779 2913 libris
811 2847 960 2912 nondum
993 2844 1175 2933 recepimus
1204 2844 1272 2911 nisi
1308 2843 1505 2933 quingentas

283 2919 421 3021 iistonee.
450 2971 585 3028 marcas,
607 2949 657 3013 iia
680 2949 770 3034 quod
803 2947 911 3012 adhuc
945 2947 1126 3013 secundum
1159 2948 1382 3036 provisionem
1413 2946 1505 3012 illam

451 3053 592 3119 residere
616 3050 741 3116 debent
763 3071 863 3138 penes
885 3071 946 3115 vos
969 3049 1060 3115 mille
1082 3071 1210 3130 maresa
1234 3054 1269 3115 ei
1292 3052 1423 3137 oporiet
1444 3070 1505 3114 nos

451 3153 593 3240 singuiis
617 3152 734 3218 diebus
755 3151 878 3218 habere
900 3151 1074 3239 pecuniam
1096 3151 1141 3217 ad
1155 3173 1292 3218 manum
1314 3151 1504 3218 solvendam

450 3279 509 3343 pro
532 3254 683 3341 expensis
706 3253 843 3342 hospicii
865 3253 981 3334 nostri,
997 3276 1036 3320 co
1051 3254 1141 3341 quod
1160 3253 1349 3320 invenimus
1364 3253 1505 3342 patriam

451 3357 597 3444 undique
629 3356 770 3444 pecunia
802 3355 1027 3440 destitutam
1060 3355 1156 3422 vobis
1187 3355 1383 3422 mandamus
1417 3355 1506 3443 quod

451 3459 521 3524 sine
544 3459 703 3524 dilatione
727 3457 872 3524 mittatis
894 3458 991 3524 nobis
1021 3480 1081 3546 per
1102 3480 1230 3526 securos
1253 3457 1390 3524 nuncios
1411 3457 1505 3545 quin·

450 3567 567 3648 gentas
588 3583 714 3626 marcas
729 3561 773 3626 ad
790 3582 950 3648 expensas
964 3565 1095 3627 nostras
1111 3567 1226 3628 contra
1239 3559 1369 3627 instans
1383 3560 1504 3627 festum

451 3665 668 3741 Pentecosbes,
691 3663 756 3727 nisi
778 3684 832 3728 eas
854 3663 1078 3729 liberaveritis
1107 3663 1266 3752 praedicto
1297 3662 1446 3744 Artsldu
1470 3669 1505 3730 et

451 3765 599 3831 residuas
621 3765 821 3852 quingentas
844 3787 970 3832 marcas
993 3766 1037 3831 ad
1060 3787 1142 3854 opus
1164 3770 1316 3832 nostrum
1332 3765 1505 3832 reservetis

452 3869 553 3934 donec
575 3867 618 3933 ad
642 3889 700 3932 vos
722 3867 907 3934 miserimus
928 3890 987 3956 pro
1011 3867 1133 3935 eisdem
1151 3893 1160 3952 ;
1183 3873 1218 3936 ci
1231 3869 1293 3937 hoc
1314 3868 1505 3936 nullasnus

452 3987 667 4153 Omitebsisiefflme
697 4085 768 4172 ipso
791 4085 881 4173 apud
904 4085 1115 4176 Merleberge,
1138 4087 1311 4155 undecimo
1337 4085 1391 4153 die
1413 4085 1503 4165 Maii,

453 4211 539 4256 anno
562 4189 657 4277 regni
679 4187 785 4254 nostri
807 4187 972 4254 tricesimo
994 4189 1101 4256 tertio.
