3609 5800
416 866 665 919 rnncsrmrrvn
688 868 732 919 or
754 868 824 919 rsa
847 868 957 921 amau
979 871 1024 921 or
1047 871 1169 922 nsusr
1192 873 1243 923 111.
1313 855 1357 928 57

303 1048 338 1109 et
359 1041 467 1107 eidem
490 1039 560 1106 filio
582 1045 697 1105 nostro
720 1061 778 1107 seu
801 1040 990 1109 haeredibus
1010 1042 1135 1108 nostris
1157 1042 1358 1112 sufficienter

302 1142 455 1209 videritis
488 1142 649 1229 expedire.
696 1142 743 1208 Et
771 1142 846 1209 ideo
868 1142 964 1209 vobis
985 1145 1181 1211 mandamus
1203 1146 1293 1233 quod
1315 1147 1358 1213 ab

303 1245 417 1311 eodem
439 1242 588 1309 Amaldo
610 1244 781 1333 accipiatis
810 1245 1021 1312 securitatem
1043 1247 1245 1333 praedictam,
1268 1252 1303 1315 et
1325 1230 1366 1315 ei'

303 1346 468 1413 occasione
504 1344 654 1435 praesatae
691 1368 819 1435 guerrae
856 1368 925 1413 non
962 1346 1115 1415 inferatis
1152 1350 1206 1415 vel
1242 1350 1357 1417 inferri

303 1448 505 1537 permittatis
539 1448 724 1515 molestiam
759 1455 818 1516 aut
850 1470 1038 1538 gravamen.
1100 1451 1141 1517 In
1171 1452 1273 1540 cujus,
1296 1460 1356 1521 etc

348 1552 445 1617 Teste
476 1572 552 1640 rege
583 1550 673 1639 apud
697 1550 914 1634 Wintcniam,
954 1552 1108 1621 vicesimo
1146 1558 1264 1623 octavo
1303 1556 1358 1625 die

303 1652 504 1721 Decembris.

734 1996 938 2065 OCCOLXI.

597 2134 674 2200 Tua
696 2150 786 2199 saue
807 2150 850 2199 no
873 2148 945 2199 unu
967 2148 1065 2201 saus

588 2268 659 2333 (Ilot.
671 2268 727 2320 Pst.
740 2274 772 2318 34
784 2266 851 2319 Heu.
862 2266 922 2331 111„
932 2268 1024 2322 memb.
1037 2270 1075 2333 Β.)

349 2382 421 2447 Rex
459 2379 588 2449 Simoni
634 2381 675 2447 de
710 2380 827 2447 Monte
865 2379 968 2459 Forti,
1006 2380 1122 2447 comiti
1160 2378 1432 2459 Leioesartaemea
1445 2398 1486 2458 27,

302 2486 450 2549 saputem·
1371 2464 1444 2511 rasa.

348 2586 467 2651 Sciatis
499 2587 589 2672 quod
619 2584 723 2651 Gasto
757 2585 798 2651 de
829 2584 945 2671 Bycm
976 2584 1074 2650 venit
1106 2586 1151 2651 ad
1171 2606 1242 2663 nos,
1263 2589 1299 2651 et
1320 2586 1495 2651 sellehsve

302 2687 475 2775 supposuit
512 2686 743 2753 misericordiae
768 2694 901 2768 nostrae,
933 2690 969 2752 et
1005 2707 1066 2751 nos
1097 2686 1129 2753 ei
1168 2686 1356 2753 remisimus
1367 2658 1510 2774 ffiffl,

301 2810 432 2855 omnem
455 2788 559 2855 animi
580 2810 760 2869 rancorem,
775 2794 810 2855 et
832 2787 1093 2876 perdonavimus
1107 2789 1139 2855 ei
1157 2794 1192 2855 et
1206 2787 1356 2855 valitori-
1368 2789 1461 2842 nam.

302 2891 364 2958 bus
398 2892 465 2958 suis
498 2890 611 2958 omnia
641 2890 763 2958 damna
795 2896 830 2957 et
867 2890 1057 2973 homicidia,
1089 2913 1165 2978 quae
1196 2891 1292 2958 nobis
1322 2897 1358 2958 ct

302 2995 423 3060 nostris
453 2993 643 3060 hominibus
676 2992 874 3070 intulerunt,
897 2992 1066 3060 occasione
1102 3013 1231 3080 guerrae
1268 2993 1359 3060 inter

301 3117 362 3162 nos
395 3094 526 3162 habitas.
580 3095 626 3162 Et
658 3095 733 3162 ideo
764 3095 861 3161 vobis
895 3095 1091 3161 mandamus
1126 3096 1216 3182 quod
1249 3095 1357 3161 eidem

303 3199 444 3265 Gestoni
482 3201 542 3264 aut
580 3198 649 3264 suis
681 3197 880 3264 valitoribus
918 3204 1054 3291 propter
1090 3199 1153 3264 hoc
1175 3197 1217 3263 de
1246 3203 1358 3265 cetero

299 3321 453 3388 guerram
490 3320 559 3366 nou
589 3299 760 3376 moveatis,
797 3321 858 3366 nee
896 3299 1083 3366 molestiam
1120 3299 1272 3366 inferatis
1303 3301 1358 3366 vel

300 3402 416 3468 inferri
438 3402 664 3489 permittatis3
692 3401 807 3468 scituri
841 3400 930 3488 qnod
963 3401 1047 3467 benc
1080 3401 1235 3468 volumus
1268 3403 1358 3489 quod

300 3505 417 3570 ballivi
440 3509 474 3570 et
515 3503 628 3570 fideles
661 3503 769 3570 nostri
803 3503 872 3570 sint
903 3504 953 3570 eis
984 3503 1163 3570 familiares
1195 3509 1231 3570 ct
1261 3503 1358 3570 amici

300 3607 389 3672 siout
411 3607 510 3693 prius.
557 3607 600 3672 In
622 3608 725 3694 cujus,
749 3613 808 3672 eto.
854 3605 953 3671 Teste
975 3611 1146 3692 utsupra

347 3707 543 3774 Consimilea
564 3708 679 3774 literas
694 3709 796 3774 habet
817 3707 907 3774 idem
930 3706 1034 3774 Gasto
1056 3708 1211 3774 omnibus
1226 3707 1358 3775 ballivis

299 3817 336 3877 et
358 3810 511 3876 fidelibus
532 3811 627 3898 regis.
673 3810 771 3876 Teste
794 3814 834 3876 ut
856 3831 962 3898 supra

604 4013 1039 4024 ...ι-*ψ’*-

708 4131 942 4207 'coccam

315 4278 394 4344 Tua
415 4278 515 4345 Goon
539 4279 622 4346 Mau
646 4295 690 4346 or
709 4277 880 4348 Onlrmu
904 4280 1029 4346 Dusae
1051 4296 1095 4346 ro
1117 4279 1249 4346 Harum
1272 4279 1341 4348 ΙΙΙ.

649 4405 745 4472 (noyn
757 4405 863 4470 aaa,
874 4406 923 4459 uo.
938 4407 1007 4471 170.)

346 4516 562 4583 serenissimo
596 4539 634 4584 ac
661 4519 837 4607 magnifico
860 4520 933 4585 viro
956 4519 1090 4586 domino
1113 4518 1269 4598 Henrico,
1292 4519 1356 4586 Dei
1369 4530 1460 4584 About

298 4619 410 4707 gratia
431 4618 502 4705 regi
516 4619 656 4708 Angliae,
674 4621 769 4706 probi
792 4621 942 4687 homines
958 4621 1067 4688 (lustri
1081 4621 1198 4699 Dusar,
1216 4621 1356 4689 salutem
1372 4603 1443 4651 ¹²⁴⁹·

300 4735 336 4796 et
361 4751 396 4794 se
422 4736 590 4818 promptos
615 4731 659 4796 ad
681 4753 742 4796 sua
766 4732 974 4820 beneplacita
1000 4739 1034 4799 et
1056 4731 1221 4799 mandatu
