3609 5800
455 880 517 942 146
603 890 716 940 norm
737 890 810 939 ann
833 891 950 938 orara
974 889 1178 940 srsromcla
1201 889 1348 938 arrrnns

451 1069 547 1134 bonae
579 1066 744 1132 memoriae
775 1064 927 1152 magistri
958 1063 1079 1130 Sewali
1112 1062 1258 1150 ejusdem
1294 1059 1358 1128 loci
1395 1061 1498 1126 archi·

452 1168 602 1256 episcopi,
624 1165 834 1254 praebandam
865 1167 907 1232 de
941 1165 1093 1246 Fenton,¹
1120 1188 1194 1252 quaa
1226 1171 1371 1252 tempore
1407 1186 1498 1230 vaco·

451 1273 553 1339 tionis
592 1271 681 1338 illius
716 1292 776 1357 per
819 1269 1075 1357 resignationem
1118 1269 1268 1356 magistri
1304 1266 1496 1352 J[ohsnnis]

451 1373 635 1440 cancellarii
666 1372 887 1450 Eboraeensis,
919 1372 972 1437 cui
993 1369 1150 1458 praefatus
1180 1369 1335 1448 Sewalus,
1358 1369 1499 1455 receptis

450 1497 472 1540 a
503 1476 600 1542 nobis
632 1475 875 1564 temporalibus,
914 1475 1020 1562 ipsam
1057 1475 1172 1540 statim
1209 1473 1403 1553 contulerat,
1442 1492 1499 1535 va·

451 1579 549 1660 cavit,
597 1579 718 1645 dilecto
767 1579 884 1644 clerico
937 1581 1050 1644 nostro
1105 1577 1266 1664 magistro
1318 1574 1496 1663 J[0hanni]

450 1681 614 1748 Maunsell
650 1682 893 1759 contulerimus,
930 1681 1141 1767 injungentes
1175 1681 1247 1758 sibi,
1285 1678 1326 1745 de
1363 1677 1497 1745 consilio

449 1789 486 1857 et
519 1784 695 1850 voluntate
731 1805 902 1870 procerum
938 1787 1133 1862 nostrorum,
1171 1805 1213 1849 ne
1250 1782 1286 1846 in
1320 1781 1498 1848 elusionem

445 1887 531 1972 juris
561 1888 669 1952 nostri
695 1888 765 1973 juri
787 1886 876 1973 quod
906 1885 971 1951 sibi
993 1907 1036 1950 ex
1057 1890 1170 1952 nostra
1192 1884 1367 1951 collatione
1389 1883 1498 1949 fuerat

448 1988 647 2074 acquisitmn
683 1988 813 2055 cederet
849 2009 907 2054 seu
943 1987 1151 2073 aliquatenus
1193 1988 1409 2064 renunciaret,
1440 2007 1498 2072 per

449 2091 539 2176 quod
575 2113 627 2157 res
657 2091 730 2178 ipsa
760 2091 805 2157 ad
837 2112 955 2156 manue
992 2090 1185 2177 cujusquam
1222 2089 1401 2168 deveniret,
1439 2087 1498 2153 ubi

449 2193 555 2258 nostri
587 2194 673 2281 juris
710 2193 881 2281 derogatio
918 2215 960 2260 ex
1005 2194 1142 2258 alterius
1185 2193 1359 2259 collatione
1404 2188 1496 2276 sequi

449 2294 502 2359 vel
540 2295 672 2361 subesse
694 2296 884 2377 videretur3
921 2295 1130 2362 sanctitatem
1161 2295 1305 2362 vestram
1341 2313 1495 2382 rogamus

448 2400 484 2462 et
527 2399 724 2484 requirimus
766 2402 904 2477 attente,
942 2405 981 2464 ut
1030 2421 1104 2466 cum
1145 2398 1251 2466 nostri
1293 2397 1427 2464 honoris
1463 2402 1497 2462 ct

443 2499 530 2585 juris
558 2499 785 2567 defensorem⁸
814 2523 873 2567 vos
903 2523 971 2588 prae
1005 2503 1120 2568 ceteris
1154 2500 1348 2569 mortalibus
1383 2498 1495 2587 prseoi·

446 2625 550 2689 puum
582 2608 771 2692 reputemus
803 2609 839 2672 et
872 2605 1025 2692 primum,
1057 2608 1203 2672 nostram
1236 2605 1273 2670 in
1306 2603 1368 2670 hac
1404 2607 1497 2690 parte

441 2705 609 2791 justitiam
639 2707 751 2773 fovere
784 2706 903 2787 velitis,
934 2729 1002 2774 non
1031 2707 1232 2774 sustinentes
1264 2708 1334 2794 ejus
1364 2707 1496 2773 subver-

446 2808 571 2873 sionem
601 2830 656 2874 seu
686 2809 853 2876 laesionam
890 2809 1065 2895 procurari,
1096 2810 1151 2876 vel
1179 2833 1199 2875 a
1225 2831 1391 2896 quoquam
1421 2809 1497 2876 sub·

446 2912 639 2991 ministrari,
654 2913 830 2979 autetiam
852 2913 970 2981 clerico
983 2917 1096 2981 nostro
1119 2919 1299 2981 memorato
1314 2934 1495 3001 gravamen

447 3012 581 3099 aliquod
610 3036 707 3102 super
736 3016 849 3082 eadam
880 3022 941 3083 aut
970 3018 1135 3085 occasione
1174 3017 1318 3103 ejusdem
1355 3016 1494 3097 inferri3

447 3117 632 3201 praesertim
661 3140 736 3184 cum
767 3118 803 3184 id
824 3141 884 3185 nec
914 3121 1074 3207 possimus
1098 3142 1157 3187 nec
1182 3120 1358 3187 debeamus
1383 3142 1493 3206 aequa

447 3218 582 3284 nimiter
604 3221 771 3287 sustinere.

279 3336 417 3418 aaroni
493 3320 647 3388 Getarum
671 3342 746 3389 cum
770 3325 981 3391 sanctitatem
1003 3331 1148 3392 vestram
1173 3346 1278 3414 nuper
1301 3349 1358 3415 per
1384 3327 1497 3393 literas

279 3412 383 3469 ¹⁸q¹¹¹t⁰
395 3421 573 3490 ¹¹²'vestras
609 3425 868 3497 intellexerimus
914 3434 1038 3495 metm
1084 3452 1153 3496 esse
1198 3452 1275 3519 erga
1322 3431 1495 3517 praefatum

278 3480 371 3522 nocent
380 3472 411 3523 of

277 3524 607 3609 «sansagus-aum,
633 3548 694 3616 pro
718 3550 757 3597 eo
786 3532 875 3616 quod
901 3532 1164 3599 verberationem
1187 3532 1357 3621 eujusdam
1382 3554 1495 3621 procu-

276 3604 563 3725 2{}{}⁰{¹⁰¹rotoris
592 3631 722 3716 nepotis
752 3632 878 3699 domini
911 3634 1097 3717 Palestrini‚
1128 3656 1202 3723 quae
1231 3637 1320 3724 apud
1350 3636 1495 3703 Eborum

445 3731 615 3798 dicebatur
643 3734 730 3801 facta
759 3735 866 3816 fuisse,
892 3736 1051 3803 debuerat
1074 3760 1271 3825 procurasse,
1302 3740 1495 3827 paternitati

443 3839 563 3902 vestra
589 3838 806 3923 presentibus
839 3840 1035 3906 denotamus
1070 3842 1213 3927 quodsi
1243 3842 1352 3908 dictans
1381 3862 1495 3929 procu·

443 3933 535 4002 istor
563 3938 757 4007 verberatus
785 3946 846 4007 ant
877 3942 963 4010 male
992 3948 1156 4010 tractatus
1180 3944 1287 4024 fuerit,
1313 3944 1403 4010 dicto
1425 3945 1495 4010 loco

444 4044 479 4104 et
502 4044 650 4129 tempore
672 4064 737 4130 quo
763 4044 825 4111 hoc
845 4043 917 4111 fieri
938 4046 1119 4126 dicebatur,
1143 4046 1209 4113 fuit
1233 4048 1340 4113 dictus
1363 4048 1496 4113 clericus

444 4142 615 4211 nobiscum
636 4148 851 4232 personaliter
878 4148 1068 4227 Londom'ae,
1103 4150 1224 4216 nostris
1253 4150 1341 4217 inter
1371 4156 1495 4218 ceteros

598 4344 710 4350 -....
735 4346 741 4351 4
788 4348 793 4352 .
863 4348 869 4353 .
1185 4352 1190 4354 -
1274 4350 1326 4355 ..-
1382 4348 1434 4354 ..ᾗ
1480 4346 1490 4353 ,

474 4462 482 4492 ¹
499 4460 607 4530 Falce]
626 4464 702 4517 Alter
723 4466 775 4519 this
796 4468 894 4521 follows
917 4472 944 4521 in
997 4476 1014 4501 “
1031 4486 1117 4524 omnm
1138 4474 1310 4535 nosmornm;”
1333 4474 1378 4525 but
1394 4474 1495 4540 against

440 4540 516 4594 us:
543 4546 707 4598 “contulerat
728 4549 829 4600 vacent
850 4549 944 4603 dilecto
996 4550 1039 4605 the
1060 4566 1164 4619 passage
1192 4552 1215 4604 la
1240 4552 1340 4605 mittan
1362 4555 1494 4615 “manu''
1599 4608 1602 4613 ,

439 4625 454 4649 “
471 4622 563 4675 clerico
581 4631 669 4677 nonno
685 4629 808 4693 magistro
827 4628 942 4681 lobanni
995 4634 1046 4683 and
1063 4633 1084 4685 it
1101 4648 1152 4685 was
1174 4633 1267 4700 clearly
1284 4632 1403 4683 intended
1420 4640 1446 4683 to
1462 4636 1494 4683 be

439 4702 454 4728 “
470 4699 793 4772 Maunoerloonnuenmua
806 4708 942 4777 injungen-
995 4713 1087 4763 erased.

438 4782 453 4807 “
470 4786 508 4830 tea
514 4780 942 4858 sibidecomilioctvoluntatepro·
1026 4794 1036 4822 ²
1052 4791 1211 4859 desomnem]
1230 4792 1407 4857 defensionem,
1419 4792 1476 4845 MS.
