3609 5800
454 870 518 933 218
609 885 724 935 norun
747 886 819 935 sun
842 887 957 937 orama
979 887 1183 949 nrsnomoan
1206 890 1352 939 Lamnas

280 1087 430 1205 {aninam
455 1073 575 1139 toriam
597 1094 695 1159 quam
718 1072 814 1139 nobis
835 1073 972 1140 misistis
987 1073 1081 1139 vobis
1103 1074 1270 1141 mittimus
1291 1076 1500 1165 sigilssatam]

280 1176 1501 1367 ittuntur{tutissimus-12

279 1357 434 1474 ffi'ffiffi
452 1380 666 1447 Glouoestriae
703 1382 740 1445 in
783 1382 872 1447 bona
915 1402 993 1469 paca
1031 1388 1110 1447 sunt
1154 1383 1198 1447 ad
1233 1406 1385 1469 praesens,
1422 1385 1500 1449 licet

448 1483 597 1549 homiues
619 1484 642 1550 d
656 1534 971 1551 ...........
988 1506 1081 1550 orum
1103 1490 1138 1550 et
1153 1485 1316 1566 ballivos3
1339 1486 1388 1551 ita
1410 1487 1499 1572 quod

448 1586 509 1651 vix
544 1588 670 1653 habant
706 1587 873 1669 victualia,
912 1594 1012 1675 prout
1043 1588 1139 1653 vobis
1177 1589 1307 1675 plenius
1345 1595 1498 1654 oretenus

448 1690 699 1777 explanabimus
731 1713 804 1757 cum
843 1691 886 1756 ad
917 1712 976 1756 vos
1007 1692 1201 1756 venerimus.
1248 1690 1420 1757 Novoritis
1448 1692 1498 1756 in·

447 1814 544 1880 super
566 1816 612 1880 qu
635 1845 888 1860 .........
910 1816 992 1859 num
1018 1794 1204 1859 Walterum
1220 1794 1261 1860 da
1277 1794 1391 1881 Sullya
1411 1794 1497 1861 vioe-

447 1898 599 1963 comitem
626 1898 812 1985 provincias,
841 1898 899 1984 qui
930 1896 1159 1963 bonushomo
1190 1903 1241 1963 est
1264 1902 1299 1963 at
1321 1902 1437 1984 potens
1460 1897 1497 1963 in

448 2001 626 2086 provincia,
641 2006 676 2066 et
700 2002 802 2066 bonos
828 2001 929 2065 babet
955 1999 1179 2087 exploratores
1203 2000 1245 2065 ad
1272 1999 1497 2066 insidiandum

446 2124 560 2168 versus
585 2108 695 2189 pmtes
718 2102 905 2189 Wa[lliaa]l
930 2102 1004 2188 quis
1027 2102 1191 2167 exercitus
1215 2102 1260 2167 sit
1283 2102 1319 2167 in
1334 2102 1498 2167 veniendo

447 2228 561 2271 versus
591 2210 700 2291 partes
731 2205 772 2269 da
803 2205 1013 2290 Glamorgan,
1045 2210 1080 2269 et
1110 2226 1209 2289 quam
1244 2205 1342 2271 citius
1372 2204 1498 2291 aliquid

447 2308 623 2373 insidiatus
637 2308 739 2373 fuerit
763 2307 858 2373 nobis
884 2306 1084 2372 festinanter
1107 2307 1330 2376 demandabit.
1376 2308 1447 2374 Nos
1462 2308 1497 2375 in

446 2410 599 2476 omnibus
622 2410 736 2476 castris
759 2433 833 2496 quae
848 2409 985 2476 fuerunt
1011 2410 1093 2475 dicti
1116 2410 1246 2475 comitis
1261 2414 1497 2475 warnesturam

445 2518 594 2579 nostram
618 2521 652 2579 et
673 2513 833 2579 victualia
855 2512 1096 2600 apposuimusl
1121 2534 1225 2597 usque
1255 2513 1297 2577 ad
1327 2511 1497 2578 Nativita-

446 2624 514 2683 tem
541 2618 577 2683 B.
603 2616 760 2705 Virginis,
786 2622 945 2702 utquam
969 2615 1067 2680 citius
1098 2614 1268 2679 vobiscum
1298 2615 1496 2701 colloquium

447 2720 658 2786 habuerimus
698 2726 935 2785 warnesturam
978 2718 1118 2784 ulterius
1159 2738 1368 2804 apponemus,
1396 2718 1497 2804 juxta

447 2830 593 2888 vestrum
616 2822 791 2888 consilium
817 2826 852 2887 et
878 2821 1018 2887 aliorum
1039 2820 1079 2885 da
1104 2819 1239 2885 oonsilio
1263 2819 1389 2884 domini
1404 2822 1496 2908 regis

446 2927 570 2992 Valete.
605 2933 609 2941 '

492 3029 517 3094 I
516 3028 669 3095 udorsecl.
707 3027 851 3093 Domino
870 3028 920 3093 W.
937 3027 977 3093 de
995 3026 1138 3106 Marton,
1155 3027 1347 3093 cancellario
1373 3027 1499 3100 domini

446 3131 540 3218 regis.

758 3253 807 3262 ...-
814 3254 1010 3262 ..-...—.——---
1030 3256 1173 3264 --ffl—
1182 3258 1192 3263 -

858 3428 865 3441 '
892 3415 1058 3481 DLXXX

583 3554 796 3620 mansuum
820 3567 866 3617 nr
890 3550 1042 3616 Garama
1065 3566 1108 3615 ro
1132 3549 1262 3618 Hnusr
1285 3548 1352 3614 III.

797 3681 893 3747 (Roynl
906 3680 1011 3741 Letters,
1022 3678 1071 3730 No.
1086 3681 1155 3743 760.)

280 3794 348 3859 Seps
359 3802 392 3846 2⁶
404 3811 435 3846 01
495 3787 778 3858 Excellentissimo
800 3788 934 3853 domino
957 3785 1143 3874 H[enrioo],
1160 3785 1224 3852 Dei
1246 3785 1357 3874 gratia
1377 3783 1499 3850 illustri

280 3865 320 3920 2⁷,
335 3865 434 3913 Μ’
449 3897 519 3983 tegi
552 3894 695 3981 Angla,
726 3889 1073 3966 commonuerunt,
1105 3894 1139 3954 a
1173 3889 1249 3954 uua
1273 3886 1498 3974 aquitannia,

446 3997 662 4086 L[awelinua]
685 3994 774 4060 filius
797 3991 939 4072 Griffini,
961 3993 1111 4079 princeps
1127 3991 1256 4060 Walliae
1280 3996 1314 4056 et
1348 3989 1501 4058 dominus

447 4102 655 4178 Snaudoniae‚
677 4099 827 4176 salutem,
851 4101 885 4162 et
908 4095 1062 4162 affectum
1085 4095 1128 4160 ad
1151 4095 1317 4179 obsequia.

479 4304 486 4333 ¹
510 4298 635 4366 wanlia]
654 4297 717 4346 Part
726 4295 787 4359 only
798 4293 829 4341 of
836 4292 879 4340 tho
891 4291 946 4340 first
999 4295 1155 4350 1261,1262.
1190 4289 1349 4354 Apparently
1360 4289 1410 4340 this
1426 4289 1499 4340 letter

446 4371 946 4432 twolettersofthiswordremain,and
997 4385 1048 4419 was
1070 4369 1168 4418 written
1188 4369 1242 4432 just
1263 4369 1348 4419 before
1374 4369 1418 4418 tha
1447 4376 1499 4419 acts

445 4463 506 4526 they
517 4475 559 4510 nra
570 4465 615 4507 not
625 4456 693 4522 quite
703 4452 807 4504 certain.
997 4450 1094 4500 related
1114 4449 1142 4497 in
1164 4448 1207 4499 the
1225 4455 1294 4498 next.
1328 4447 1384 4498 'l'he
1401 4451 1457 4498 data
1473 4449 1505 4497 of

477 4543 488 4571 ²
505 4535 674 4604 apposuimus]
693 4531 816 4582 Doubtful
828 4529 854 4579 in
865 4529 923 4580 MS.
997 4529 1039 4580 tha
1061 4529 1274 4594 “parliamentum
1282 4527 1298 4552 ”
1312 4527 1340 4576 in
1357 4528 1408 4577 this
1427 4527 1500 4577 letter

479 4623 489 4651 ³
507 4619 554 4669 See
565 4617 669 4682 Rymer‚
680 4614 697 4664 i.
709 4630 733 4678 p.
746 4618 802 4672 420,
815 4610 947 4676 compared
998 4613 1057 4660 does
1075 4617 1120 4660 not
1139 4609 1202 4674 tally
1212 4608 1313 4672 exaotly
1324 4606 1386 4656 with
1406 4605 1498 4657 thatin

445 4699 507 4750 with
518 4699 560 4748 the
571 4695 699 4760 following
709 4695 788 4742 letter.
811 4691 867 4741 Tho
877 4707 947 4741 men·
999 4691 1069 4739 letter
1075 4687 1263 4746 1)Lxxvl11.;
1272 4687 1394 4752 probably
1401 4686 1443 4735 the
1450 4701 1499 4736 one

445 4783 498 4830 tion
509 4780 540 4829 of
547 4775 633 4839 Philip
644 4776 734 4824 Basset
752 4789 780 4821 aa
793 4771 909 4835 justiciar
919 4771 946 4819 in
997 4769 1057 4819 herc
1075 4769 1169 4832 spoken
1189 4767 1220 4817 of
1230 4781 1283 4818 was
1302 4781 1318 4817 a
1337 4765 1500 4830 preliminmy

446 4858 518 4911 itselt'
532 4856 610 4907 limita
631 4869 677 4904 our
688 4853 774 4902 choice
785 4859 811 4902 to
822 4851 865 4901 the
874 4865 947 4916 years
997 4849 1150 4899 conferente.
