3609 5800
452 882 494 944 5⁶2
607 892 721 943 nomn
743 892 816 943 nun
839 894 954 943 ornnn
976 892 1184 943 nrsronrenu
1206 893 1354 943 terrens

449 1072 622 1153 quotenne,
639 1068 726 1133 sicut
749 1068 963 1133 indemnitati
977 1070 1169 1135 vestrorum
1179 1067 1328 1132 fidelium
1343 1066 1504 1132 tenemini
1530 1062 1533 1065 ’

449 1176 483 1236 et
516 1170 733 1236 consuevistis
767 1171 1021 1237 misericorditer
1053 1170 1235 1258 providere,
1262 1170 1313 1235 itu
1345 1169 1505 1256 praedioto

449 1294 536 1359 saepe
560 1271 667 1338 Vitnli
688 1272 789 1337 latori
812 1272 1026 1359 praesentium
1055 1272 1228 1361 providere
1250 1271 1442 1357 dignemini,
1465 1275 1505 1335 ut

449 1376 506 1460 qui
543 1397 603 1462 pro
640 1381 822 1441 memorato
862 1375 1016 1442 Drusone
1054 1375 1146 1441 fideli
1183 1378 1295 1440 vestro
1339 1372 1505 1460 praeoipue

449 1484 583 1564 propter
604 1478 760 1545 honorem
783 1482 934 1545 vostrum
957 1483 992 1545 et
1019 1477 1227 1544 commodum
1257 1481 1354 1543 tenue
1383 1480 1504 1542 vestroe

449 1578 620 1665 fidejussit,
643 1586 677 1645 et
700 1580 832 1666 propria
851 1580 1033 1664 mutuavit,
1057 1580 1217 1645 domnum
1242 1577 1320 1643 inde
1342 1600 1409 1644 non
1431 1599 1504 1665 per-

450 1679 561 1746 stitit¹
587 1681 675 1746 unde
698 1681 832 1747 deberet
862 1680 1163 1748 remunerationem
1187 1687 1221 1746 et
1250 1681 1425 1767 praemium
1454 1702 1503 1745 re

450 1788 590 1869 portare,
613 1788 747 1848 tontum
769 1784 846 1849 inde
868 1806 913 1849 ex
927 1784 1145 1871 benignitatis
1167 1786 1287 1849 vestm
1317 1782 1504 1847 curialitate

450 1889 484 1950 ot
506 1885 628 1951 nostrie
651 1885 805 1973 precibus
828 1886 996 1964 facientes,
1019 1906 1061 1951 ne
1084 1886 1141 1950 olii
1171 1885 1295 1950 servire
1325 1882 1421 1950 vobis
1450 1884 1505 1951 vel

450 1986 486 2051 in
510 1985 713 2053 necessitatis
735 1988 875 2053 articulo
904 1988 1148 2073 pertimescant,
1172 1993 1207 2051 et
1221 1991 1275 2077 ‘ut
1304 2006 1365 2050 nos
1394 2004 1505 2071 preoes

450 2096 580 2155 nostroe
625 2090 778 2155 effectum
816 2090 973 2157 habuisse
1010 2110 1090 2176 erge
1134 2092 1281 2153 vestrum
1319 2087 1503 2152 dominium

450 2192 676 2278 gauderemus,
711 2197 746 2257 et
784 2213 826 2257 ex
862 2192 966 2279 gretie
1003 2191 1165 2278 gretioree
1198 2210 1327 2275 semper
1363 2189 1505 2255 existere

450 2300 628 2359 teneamur.
677 2293 794 2359 Valeat
816 2314 944 2380 semper
966 2294 1002 2359 in
1026 2292 1170 2358 Domino
1201 2290 1363 2357 celsitudo
1385 2295 1506 2369 vestra,

451 2402 485 2462 et
508 2398 619 2463 voleat
642 2395 852 2464 Aldoerdus.2

750 2682 756 2688 -
769 2682 858 2688 .....-....
871 2680 1146 2689 μ--ιψ
1160 2679 1184 2688 --ο

770 2985 772 2992 ,
799 2980 802 2991 ,
884 2906 1089 2974 CCOOLVI.

451 3084 638 3151 Pnousenr
661 3099 755 3150 rnou
778 3081 891 3150 Suros
926 3101 973 3149 oe
996 3083 1200 3165 Mourronr,
1224 3083 1322 3148 Eheu
1356 3101 1401 3149 or
1425 3083 1504 3149 Lur-

507 3204 642 3268 cumm,
667 3187 872 3252 Suessones
894 3201 940 3251 or
963 3183 1136 3265 Gnsoour,
1160 3202 1204 3252 ro
1227 3185 1360 3251 Hnunr
1383 3187 1447 3252 ΙΙΙ.

784 3332 880 3399 (Royel
892 3333 1001 3393 Iaetters
1012 3332 1062 3384 No.
1077 3336 1171 3398 1,0ol.)

284 3463 360 3528 April
371 3470 407 3528 s,=
496 3448 576 3529 Sire,
600 3447 674 3534 puis
697 3468 761 3533 que
783 3469 846 3513 voz
868 3469 1033 3535 messegee
1056 3447 1236 3534 Levesque,
1261 3447 1326 3514 sire
1348 3447 1504 3527 Antoine,

287 3537 359 3582 ¹²⁴⁹·
452 3554 487 3616 et
508 3551 652 3615 monsire
675 3549 808 3615 Roberd
831 3548 1039 3638 departirent
1062 3549 1104 3615 de
1128 3549 1231 3631 Paris,
1247 3550 1280 3614 si
1298 3549 1335 3635 je
1356 3552 1504 3617 entendu

284 3621 692 3756 ,Sssssnffloerteinement
724 3673 788 3736 que
810 3673 938 3717 aucune
970 3651 1151 3716 chevaliers
1184 3651 1226 3717 de
1249 3651 1419 3730 Gusooine,
1441 3673 1505 3738 que

283 3755 422 3820 hesperis,
453 3776 517 3820 von
537 3774 700 3840 messagee
722 3755 835 3818 virent
867 3753 910 3831 le,
933 3775 994 3839 por
1027 3775 1064 3818 ee
1087 3752 1157 3838 quil
1188 3775 1231 3818 ne
1262 3758 1435 3820 reoourent
1456 3754 1506 3819 lor

283 3821 430 3942 ieffiffl„
453 3861 555 3921 terres
588 3876 649 3941 per
682 3876 760 3920 mon
791 3854 855 3919 sire
878 3854 1015 3936 Geston,
1046 3854 1095 3920 les
1129 3855 1254 3940 quieles
1282 3855 1319 3941 je
1352 3855 1441 3921 tient
1463 3878 1506 3920 en

285 3956 564 4072 {fflssssffffiwoeiffl
602 3955 693 4022 mein
726 3978 787 4043 per
814 3955 998 4044 jugement,
1037 3960 1072 4021 et
1105 3977 1166 4042 por
1204 3978 1240 4023 ee
1278 3957 1351 4044 quil
1388 3963 1506 4024 serent

285 4085 391 4152 knights
452 4061 530 4126 bien
554 4079 618 4144 que
651 4057 677 4122 il
709 4057 899 4146 perdrount,
923 4057 952 4122 si
983 4056 1008 4121 il
1039 4057 1267 4125 demeundent
1296 4059 1387 4125 droit
1408 4081 1451 4124 en
1473 4057 1507 4123 lo

283 4152 442 4268 pffiveeery-
453 4165 548 4228 court
585 4161 626 4226 de
665 4158 833 4237 Gesooine,
868 4158 894 4224 il
931 4179 967 4225 se
1004 4165 1080 4224 sont
1117 4160 1158 4225 de
1202 4165 1256 4227 tot
1302 4183 1426 4248 porveu
1464 4161 1505 4226 de

285 4235 425 4348 prdidit?
453 4262 654 4329 demounder
686 4261 737 4326 lor
767 4266 869 4326 terres
901 4282 962 4347 par
994 4283 1095 4348 gerre.
1141 4261 1188 4327 Et
1221 4267 1322 4329 eount
1345 4263 1504 4328 oertaine-

486 4590 628 4656 ¹perstih¹t]
650 4589 685 4640 So
695 4589 752 4640 MS.
1005 4589 1070 4640 Iam
1081 4589 1150 4656 right
1171 4591 1199 4640 in
1216 4606 1261 4658 my
1278 4605 1353 4657 guest
1371 4605 1399 4642 ae
1418 4597 1445 4642 to
1462 4591 1507 4641 the

483 4669 663 4734 ²Aldoordus]
683 4667 718 4720 So
741 4667 805 4728 Me,
827 4667 863 4734 by
885 4681 955 4719 error
1004 4670 1161 4734 euthorship,
1183 4671 1253 4722 there
1282 4686 1331 4721 cun
1358 4671 1464 4731 rrmrim
1492 4669 1507 4720 1

450 4749 559 4815 possibly
571 4751 610 4798 sor
622 4747 761 4799 Odmrdue.
1004 4747 1086 4810 think,
1095 4749 1160 4800 little
1171 4749 1325 4801 doubteeto
1336 4750 1380 4799 the
1390 4751 1455 4799 dete.

483 4829 493 4858 ³
509 4828 557 4880 see
568 4827 604 4879 M.
617 4827 698 4888 Paris,
715 4843 756 4894 pp.
770 4829 826 4887 757,
839 4831 896 4878 767.
929 4825 959 4876 It
