3609 5800
469 857 531 920 116
623 871 739 920 noran
761 871 834 920 nun
857 870 974 919 ornan
997 869 1203 920 ursronrcnn
1226 869 1376 920 nnrrnns

464 1039 546 1106 item
582 1041 650 1108 fere
687 1041 829 1129 triginta
875 1041 982 1106 millia
1019 1041 1255 1107 mercatoribus
1293 1041 1352 1127 qui
1393 1039 1518 1105 habent

463 1143 663 1209 monasteria
695 1143 851 1230 obligata,
882 1149 1004 1230 practer
1036 1143 1158 1208 damna
1188 1147 1223 1207 ct
1253 1163 1414 1228 expensas
1444 1162 1518 1228 quae

465 1244 548 1310 bene
570 1246 755 1312 ascendunt
784 1245 828 1309 ad
860 1247 1007 1332 quinque
1030 1245 1135 1310 miliia
1158 1266 1342 1310 marcarum
1365 1249 1400 1310 et
1421 1245 1516 1309 ultra.

463 1349 604 1438 Propter
626 1351 716 1438 quod
744 1352 792 1416 cis
822 1351 1042 1436 probabiliter
1072 1351 1210 1416 suadere
1235 1350 1375 1437 potestis
1398 1353 1438 1415 nt
1460 1371 1518 1436 pro

463 1453 595 1519 residuo
629 1451 712 1517 satis
743 1457 884 1539 possunt
920 1458 955 1518 et
987 1453 1109 1518 debent
1142 1453 1303 1518 terminos
1333 1473 1517 1539 prorogare,

463 1556 608 1619 maxime
623 1577 697 1620 cum
712 1555 847 1619 interim
862 1552 1080 1619 nihilominus
1095 1555 1176 1620 totis
1193 1553 1318 1620 viribus
1328 1553 1518 1618 studeamus

462 1643 512 1721 ut'
525 1657 615 1722 dicto
636 1657 770 1743 negotio
793 1660 864 1721 tam
886 1657 923 1720 in
947 1656 1089 1742 pecunia
1111 1678 1211 1742 quam
1234 1655 1357 1720 militia
1371 1656 1518 1720 celeriter

463 1779 696 1824 succurramus
743 1756 805 1822 Vel
827 1757 979 1823 tractetis
1002 1780 1077 1823 cum
1100 1758 1234 1823 domino
1257 1779 1343 1844 papa
1366 1764 1405 1822 ut
1421 1779 1518 1844 super

464 1859 591 1924 decima
613 1859 710 1924 nobis
740 1880 891 1925 concessa
920 1865 1116 1926 mercatores
1147 1864 1304 1924 mutuent
1333 1860 1516 1946 pecuniam,

463 1983 539 2026 cum
561 1983 628 2046 qua
650 1961 754 2048 possit
776 1965 997 2027 memoratum
1019 1963 1192 2050 negotium
1214 1963 1394 2027 sustentari
1406 1986 1414 2042 ;
1438 1985 1515 2027 nam

462 2063 528 2128 isto
560 2083 648 2127 anno
682 2085 742 2149 per
775 2061 840 2128 Dei
874 2063 1018 2150 gratiam
1057 2070 1090 2129 et
1129 2063 1326 2128 industriam
1364 2065 1516 2151 magistri

463 2164 625 2231 Rostandi
648 2165 713 2229 erit
735 2165 778 2229 ab
801 2165 1063 2252 obligationibus
1085 2171 1304 2231 mercatorum
1320 2164 1513 2231 Senensium

462 2268 596 2352 penitus
619 2267 765 2332 liberata.

506 2368 672 2435 Scribitur
695 2369 796 2434 etiam
820 2370 956 2434 domino
979 2390 1075 2457 papae
1098 2368 1303 2456 superdicto
1325 2371 1468 2457 negotio.

506 2470 671 2546 Scribitur
708 2470 811 2536 etiam
845 2472 1004 2558 magistro
1043 2471 1067 2536 J
1069 2471 1201 2550 erduno,
1248 2471 1374 2538 domini
1419 2497 1512 2560 papae

460 2573 598 2651 notario,
622 2596 722 2660 super
744 2574 866 2640 eodem.

505 2675 551 2741 Et
584 2677 786 2763 transcripta
808 2675 961 2742 brevium
984 2681 1143 2762 poterimt
1174 2676 1319 2743 inveniri
1349 2679 1385 2740 in
1415 2677 1515 2741 bursa

460 2778 569 2842 rubea.

1130 3004 1187 3012 ..—

907 3205 1041 3274 DVIII.

509 3340 707 3419 Lsunnucs,
732 3343 1171 3428 B1sn0rosnocnmrm,
1195 3364 1239 3413 ro
1263 3346 1392 3415 Hssnr
1416 3367 1460 3417 or

754 3445 948 3525 Wrsunsu,
973 3446 1217 3514 Ouisontion

797 3577 894 3643 (Royal
905 3579 1009 3643 Lcttsrs,
1022 3580 1069 3630 No.
1082 3582 1178 3645 2402.)

290 3708 381 3760 uma
394 3716 435 3772 2⁶,
502 3690 643 3777 Speciali
665 3692 771 3758 amico
793 3714 853 3758 suo
868 3694 1002 3760 domino
1019 3696 1198 3781 H[enrico]
1224 3698 1265 3763 de
1281 3697 1510 3787 Wingueham,

292 3779 364 3827 ¹²⁵⁶·
457 3790 584 3855 domini
605 3792 692 3879 regis
715 3792 917 3875 cancellario,
935 3796 1135 3861 Laurentius
1158 3798 1369 3865 miseratione
1393 3801 1507 3867 divina

457 3892 619 3959 Roffensis
642 3895 820 3983 episcopus,
843 3896 985 3989 salutem
1008 3902 1044 3962 et
1066 3898 1276 3965 dilectionem
1298 3902 1464 3968 sinceram.

291 4012 386 4067 sirw.
499 3994 662 4061 Dominus
684 3997 870 4063 Willclmus
893 3999 934 4064 de
958 3999 1100 4065 Baudun
1126 4000 1219 4068 miles
1247 4004 1383 4069 veniens
1406 4027 1510 4092 nuper

287 4080 397 4197 ξζξξῗξ
454 4097 495 4163 de
530 4098 681 4184 partibus
716 4100 955 4179 transmarinis,
992 4106 1027 4167 ct
1060 4102 1226 4169 transiens
1260 4126 1319 4192 per
1353 4106 1507 4171 ducatum

289 4212 384 4276 Apulia
454 4198 597 4285 Apuliae,
620 4200 708 4265 vidit
742 4201 790 4265 ibi
823 4203 983 4287 quosdam
1016 4204 1159 4289 perfidos
1189 4204 1397 4285 Sarracenos,
1429 4230 1509 4293 quos

286 4277 408 4407 fflff
453 4300 546 4386 prius
569 4302 701 4367 viderat
723 4303 814 4368 ultra
843 4324 941 4369 marc.
988 4305 1020 4368 A
1043 4306 1164 4391 quibus
1187 4328 1271 4387 cum,
1295 4308 1383 4373 sicut
1405 4331 1510 4396 nuper

286 4401 550 4489 againstuenobis
573 4402 737 4489 exposuit,
762 4403 843 4469 viva
865 4426 945 4469 voce
972 4416 1180 4493 cognosceret
1210 4410 1382 4475 evidenter
1411 4433 1510 4497 opera

285 4474 440 4593 ζ’ἒξζξζξὴ
454 4504 608 4587 quasdam
631 4503 884 4572 sceleratissima
914 4509 1135 4594 perpetranda
1162 4511 1371 4598 inpartibus
1395 4513 1512 4599 Angli-

284 4611 416 4661 roreveu.
454 4605 554 4683 cauis,
588 4626 662 4690 quur
693 4606 838 4673 maxime
877 4609 914 4672 in
948 4610 1074 4675 domini
1106 4614 1191 4699 rogis
1230 4613 1439 4700 dispendium
1478 4628 1512 4679 ot

451 4728 595 4785 suorum,
620 4708 648 4771 si
671 4730 719 4788 ea,
752 4710 841 4795 quod
871 4711 970 4796 absit,
995 4714 1212 4799 procederent
1236 4716 1358 4793 taliter,
1391 4717 1511 4781 redun-
