3609 5800
418 829 661 883 ιιιιιιιιιιιιιιι
682 831 727 880 οι
748 829 818 879 unu
840 829 948 880 nnius
970 831 1015 878 os
1037 829 1158 880 nnunr
1179 829 1229 879 ιιι
1281 817 1353 882 343.

304 1009 500 1098 prinsipelis
521 1012 599 1078 tuiis
620 1011 693 1092 fuit,
717 1013 805 1098 quod
828 1031 900 1076 eum
930 1011 966 1075 in
988 1009 1205 1096 pmliemento
1235 1012 1349 1072 nostro

303 1117 485 1180 treutetum
522 1113 623 1179 inerit
660 1115 701 1180 de
737 1117 843 1180 oestro
881 1113 922 1178 de
959 1111 1103 1177 Knersik
1138 1110 1176 1176 in
1213 1130 1347 1176 menum

306 1223 450 1282 nostrum
481 1217 655 1295 reddendo,
687 1237 745 1302 pro
768 1237 833 1302 quo
864 1215 904 1281 de
935 1233 1069 1280 assensu
1104 1217 1141 1279 et
1174 1212 1348 1278 voluntate

304 1318 454 1403 praedicti
477 1317 606 1384 comitis
629 1317 786 1406 enpiendo
809 1319 845 1383 in
869 1337 1005 1382 menum
1034 1321 1183 1382 nostrum
1211 1335 1348 1382 venere·

305 1419 385 1486 biles
407 1427 516 1506 petree
539 1421 734 1508 It[0gerum]
761 1420 1019 1487 Ooventrensem
1041 1422 1076 1486 et
1091 1417 1350 1484 Liehieldeusem

304 1528 338 1586 et
369 1523 616 1610 G[odefridum]
648 1523 921 1611 Wygorniensem
957 1523 1124 1609 episeopus
1160 1523 1204 1588 ed
1239 1534 1352 1607 purnes

304 1625 375 1690 illes
397 1627 685 1706 transmiserimus,
708 1627 767 1713 qui
789 1629 825 1692 in
849 1627 997 1691 adventu
1021 1645 1081 1690 suo
1103 1621 1237 1701 ibidem,
1266 1627 1350 1688 tem-

304 1749 380 1814 pure
412 1728 534 1795 seilicet
567 1751 633 1816 quo
664 1729 774 1795 fluistis
806 1731 843 1794 in
877 1727 1050 1793 obsidione
1072 1725 1220 1813 ejusdem
1240 1725 1350 1802 nutri,

277 1867 282 1898 ι
304 1831 472 1897 vobiscum
494 1853 591 1918 super
612 1831 744 1920 negotio
767 1831 925 1918 praedieto
947 1830 1145 1909 uuetebent
1160 1835 1196 1894 et
1217 1828 1349 1894 demum

302 1939 454 2021 treugam
477 1937 641 2020 quendem
665 1934 834 2000 vobiscum
864 1933 1014 1998 inienmt
1044 1953 1148 2018 usque
1180 1931 1224 1996 ad
1253 1929 1350 2016 quin·

305 2036 424 2102 denam
462 2037 493 2103 S.
531 2038 555 2104 J
557 2037 695 2103 ohannis
728 2036 889 2124 Baptietae
921 2036 1071 2122 proximo
1101 2034 1259 2111 futurum,
1288 2031 1351 2098 tuli

305 2139 428 2204 scilieet
450 2141 646 2216 conditione,
670 2139 758 2225 quod
791 2143 936 2204 cestrum
958 2136 1041 2202 illud
1064 2141 1150 2202 esset
1180 2137 1217 2200 in
1249 2155 1351 2200 munu

306 2249 418 2308 nostre
455 2248 489 2307 et
525 2243 672 2329 ipsorum
710 2241 936 2328 episeoporum
973 2239 1125 2305 custodis
1160 2259 1265 2325 usque
1307 2237 1351 2303 ed

307 2345 507 2430 quindenam
529 2345 729 2432 praedietem,
753 2345 803 2409 itn
825 2344 914 2430 quod
935 2343 1020 2408 illud
1041 2343 1079 2406 in
1111 2341 1227 2406 eodem
1259 2345 1351 2406 statu

306 2471 370 2533 quo
386 2453 466 2514 tunc
480 2447 554 2525 fuit,
569 2447 660 2512 utin
674 2448 786 2525 muris,
802 2445 944 2526 fossatis,
959 2445 1014 2510 vel
1029 2444 1094 2509 elio
1109 2443 1351 2508 effortiementn

306 2572 364 2616 seu
394 2550 579 2616 munitione
608 2557 793 2615 remuneret
805 2574 814 2629 ;
843 2547 932 2613 idem
963 2567 1069 2612 eomes
1102 2545 1232 2611 dieebet
1253 2547 1350 2631 quod,

307 2653 378 2739 ipso
400 2653 455 2718 vei
477 2657 566 2717 serto
590 2657 760 2718 attorneto
782 2671 842 2716 suo
865 2671 963 2737 super
985 2649 1047 2713 hee
1060 2669 1130 2713 non
1150 2646 1352 2734 praemunito
1452 2712 1455 2717 .

307 2777 366 2821 nee
387 2755 432 2820 ed
453 2756 515 2820 hoe
535 2761 653 2820 voeete
675 2753 729 2819 vel
762 2751 921 2830 considio,
943 2750 1075 2840 praeieti
1105 2748 1249 2838 episcopi
1269 2769 1353 2836 pree·

307 2859 405 2923 misse
427 2857 562 2923 minime
584 2859 688 2923 faeere
709 2859 864 2943 peterent
878 2853 933 2920 vel
954 2847 1120 2920 debebunt
1141 2851 1179 2917 in
1201 2852 1354 2919 absentia

305 2964 378 3040 bue,
407 2980 468 3049 pro
491 2960 640 3046 eoquod
660 2958 852 3045 hujusmodi
875 2962 994 3043 treuge
1027 2956 1106 3021 iniri
1136 2975 1195 3021 seu
1227 2956 1353 3023 firmari
1466 3016 1472 3025 .

308 3084 375 3129 non
397 3064 520 3149 poterit
542 3064 613 3128 sine
636 3062 715 3148 ipso.
761 3058 862 3127 Unde
877 3061 1042 3125 instanter
1062 3058 1163 3145 petiit
1183 3062 1226 3139 ut
1243 3056 1353 3145 ipsum

306 3168 343 3231 in
367 3166 427 3231 hnc
448 3170 543 3252 perte
566 3186 608 3229 ex
631 3186 728 3229 ceusu
749 3164 909 3250 praediete
930 3160 1124 3226 haberemus
1138 3166 1351 3239 excusatum

308 3269 491 3356 presertim
515 3288 589 3331 enm
612 3267 808 3331 intentionis
830 3288 899 3333 suae
930 3284 999 3329 non
1020 3264 1129 3342 fuerit,
1151 3268 1192 3329 ut
1213 3264 1354 3343 dicebat,

309 3376 452 3437 castrum
475 3368 559 3434 illud
581 3369 693 3455 aliquo
715 3367 813 3433 modo
835 3368 871 3432 in
893 3386 1029 3431 menum
1044 3372 1191 3431 vestrm
1208 3366 1351 3447 neddere,

308 3474 372 3539 nisi
394 3473 488 3538 vobis
510 3476 545 3537 et
568 3472 631 3537 sibi
655 3472 696 3536 de
717 3468 991 3536 conventionibus
1007 3467 1170 3533 intervos
1192 3474 1227 3533 et
1240 3469 1351 3555 ipsum

307 3598 350 3641 ex
371 3576 476 3641 censis
498 3574 666 3661 praediutis
688 3574 832 3639 subortis
861 3572 959 3658 plens
984 3572 1118 3656 justitie
1138 3569 1351 3639 exhiberetur

306 3680 377 3744 sine
408 3700 506 3743 more.
563 3678 608 3743 Et
638 3678 773 3762 insuper
805 3696 866 3740 nos
896 3673 1026 3759 rogavit
1057 3678 1097 3739 ut
1129 3674 1272 3760 aliquem
1308 3676 1350 3741 de

308 3780 469 3847 militibus
492 3779 612 3845 uostris
643 3778 768 3844 ibidem
789 3778 1005 3855 mitteremus,
1028 3776 1071 3841 ed
1103 3784 1246 3842 uestrum
1266 3775 1351 3843 illud

307 3906 381 3949 eum
403 3882 579 3971 gernisone
600 3903 660 3946 sue
682 3882 829 3967 ejusdem
851 3880 949 3945 cestii
970 3880 1104 3945 nomine
1134 3884 1246 3944 nostro
1280 3898 1351 3945 eus-

307 3986 509 4063 todiendum‚
555 4006 659 4071 usque
696 3984 739 4049 ed
776 3982 978 4070 quindenam
1022 3981 1155 4046 Pasehae
1199 3981 1350 4068 proximo

307 4090 459 4164 futurem,
483 4089 532 4152 ite
554 4086 643 4171 quod
665 4092 836 4172 magnetes
859 4091 893 4150 et
908 4083 1020 4150 fideles
1033 4088 1164 4148 nostros
1177 4083 1351 4149 mittemus

309 4214 409 4276 usque
432 4192 475 4255 ad
497 4190 619 4255 vedum
643 4188 768 4253 Montis
784 4186 918 4253 Gemeri
939 4186 982 4251 ed
997 4186 1135 4251 eundem
1151 4186 1350 4271 quindenam

309 4292 440 4357 Peechae
464 4292 505 4356 ed
528 4292 659 4377 plenem
677 4292 846 4376 justitium
868 4290 964 4355 vobis
986 4294 1020 4353 et
1041 4286 1105 4352 sibi
1119 4289 1156 4351 in
1177 4289 1351 4374 praemiesis

310 4394 550 4459 exhibendam:
584 4414 680 4479 quem
712 4394 747 4457 in
779 4393 994 4459 excusatione
1026 4390 1086 4455 ille
1107 4374 1351 4476 eliquentulum

310 4520 351 4561 ex
374 4496 471 4561 certis
493 4497 599 4561 causis
621 4496 781 4562 hebemus
803 4500 1003 4561 excusatum

355 4597 545 4686 Menucepit
582 4599 742 4685 siquidem
780 4600 867 4663 idem
906 4619 1011 4664 eomes
1045 4618 1152 4662 eorem
1185 4598 1281 4663 nobis
1317 4604 1352 4664 et
1363 4629 1461 4680 Helm

311 4702 446 4766 coneilio
468 4707 583 4767 nostro
606 4725 704 4790 super
726 4702 836 4767 omniu
859 4724 934 4787 quae
956 4700 996 4766 de
1025 4699 1120 4765 nobis
1141 4704 1245 4782 tenet,
1264 4698 1492 4787 quodegnedu
