3609 5800
439 886 504 949 202
595 900 709 949 som
733 900 805 948 auu
828 901 942 950 orsas
966 898 1172 949 Hrsroruusu
1196 898 1341 949 sumnus

271 1083 341 1147 Pray
351 1083 424 1133 ⁰1¹0*
484 1076 570 1142 Orun
593 1032 726 1141 ecelesia
757 1080 872 1141 nostra
895 1076 1135 1143 wintoniensis
1158 1076 1200 1140 ab
1231 1072 1490 1140 antecessoribus

269 1150 393 1281 ffiffiflp
438 1180 556 1245 vestris
579 1178 763 1243 illustribus
796 1178 929 1267 regibus
952 1178 1084 1266 Angliae
1116 1178 1256 1243 fundata
1287 1198 1414 1263 sempor
1447 1174 1490 1239 ud

273 1283 394 1363 Auerna,
437 1302 497 1346 vos
518 1281 555 1345 in
578 1282 647 1346 suis
661 1282 802 1368 negotiis
825 1281 947 1347 habeut
969 1302 1140 1360 recurrere,
1157 1284 1315 1368 tanquam
1339 1280 1382 1345 ud
1404 1278 1489 1344 refu·

270 1351 425 1467 pppfflhprrpd
436 1382 529 1471 glum
552 1405 648 1449 suum
679 1384 814 1449 unicum
837 1390 871 1449 et
893 1384 1067 1471 singulare,
1091 1383 1262 1449 humiliter
1283 1404 1342 1471 pro
1375 1382 1489 1447 eadem

270 1485 391 1535 ausus
437 1486 657 1574 supplicamus
688 1486 783 1551 vobis
815 1490 850 1551 et
883 1488 1011 1564 devote,
1044 1490 1208 1573 quatenus
1238 1506 1311 1551 curn
1344 1485 1416 1570 ipsa
1452 1485 1488 1547 in

164 1671 166 1674 Ι
269 1552 398 1669 'minias
437 1590 634 1654 alienatione
666 1589 804 1654 manerii
841 1590 883 1654 de
916 1590 1084 1670 Portlond,
1108 1589 1197 1675 quod
1228 1590 1292 1676 piae
1323 1586 1489 1652 memoriee

436 1692 590 1757 dominus
627 1691 812 1757 Ademarus
850 1693 1015 1779 quondam
1053 1694 1223 1780 episeopus
1260 1696 1379 1767 noster,
1417 1708 1488 1776 ger-

436 1816 555 1859 manus
577 1800 695 1872 vester,
711 1794 888 1882 emptionis
911 1796 1012 1860 titulo
1036 1794 1101 1859 sibi
1124 1818 1145 1859 a
1167 1794 1272 1871 uobis,
1287 1794 1364 1859 licet
1379 1814 1400 1857 u
1410 1792 1486 1878 jure

436 1897 632 1983 prohibitus,
664 1898 743 1962 olim
776 1898 963 1983 acquisivit,
994 1896 1226 1984 multipliciter
1255 1896 1333 1962 laesa
1371 1896 1415 1960 sit
1453 1898 1487 1958 et

435 2004 584 2085 gravata,
606 2002 652 2066 sic
674 2002 716 2065 de
746 2020 907 2066 consensu
940 2000 1154 2087 providorum
1189 2000 1336 2065 virorum
1370 2018 1485 2063 execu-

436 2106 547 2166 turum
569 2103 649 2168 dieti
679 2103 876 2168 venerabilis
907 2103 1011 2189 patris
1043 2103 1195 2167 ordinare
1229 2100 1412 2188 dignemini
1446 2101 1486 2165 de

436 2206 583 2270 manerio
605 2204 773 2291 praedicto,
795 2228 855 2292 pro
887 2226 952 2292 quo
987 2204 1109 2271 eisdem
1134 2205 1367 2271 executoribus
1391 2204 1485 2268 satis-

436 2308 541 2374 facere
563 2309 759 2386 curabimus,
780 2312 821 2373 ut
841 2309 885 2373 ad
908 2328 987 2373 usus
1017 2308 1160 2374 ecclesiae
1183 2313 1305 2373 nostrae
1328 2307 1485 2393 pristinos

436 2414 578 2476 transire
599 2413 703 2498 possit
726 2414 762 2476 et
782 2412 915 2491 reverti,
939 2416 1039 2498 prout
1068 2410 1187 2476 ultima
1216 2410 1367 2497 praedicti
1389 2428 1486 2473 vene·

435 2515 549 2579 rabilis
593 2515 697 2600 patris
752 2514 928 2600 requisivit
973 2514 1138 2594 voluntas,
1185 2514 1264 2578 dum
1309 2512 1484 2599 praefatum

435 2617 619 2681 manerium
649 2617 690 2682 de
721 2615 880 2683 Portlond
913 2617 1009 2682 nobis
1041 2617 1076 2680 in
1101 2620 1300 2682 testamento
1332 2637 1392 2681 suo
1424 2616 1484 2681 sub

436 2724 524 2784 certa
545 2721 651 2783 forma
672 2720 806 2805 legarit,
836 2723 871 2784 et
901 2724 972 2785 tam
1007 2720 1062 2806 pio
1086 2741 1185 2805 quam
1216 2740 1296 2783 sano
1318 2720 1484 2805 proposito

436 2823 555 2887 ductus
580 2822 825 2886 restituendum
855 2843 925 2887 esse
953 2821 1107 2887 docrevit.
1155 2822 1206 2886 Ut
1235 2820 1341 2908 igitur
1371 2820 1483 2886 eadem

434 2925 590 2990 voluntas
621 2924 746 2988 domini
775 2923 943 3004 Ademari,
976 2947 1073 3010 quem
1107 2945 1175 2989 uon
1205 2925 1316 2989 minus
1345 2925 1484 3010 amplec-

433 3027 564 3093 timini¹
582 3031 759 3104 mortuum,
775 3033 814 3092 ut
829 3049 1005 3113 speramus,
1023 3050 1121 3114 quam
1145 3029 1268 3106 vivum,
1285 3026 1484 3108 laudabilius

433 3132 470 3194 iu
493 3131 555 3196 hac
580 3135 676 3216 parte
699 3129 872 3216 adimpleri
889 3130 996 3216 possit
1018 3135 1053 3194 et
1068 3130 1202 3208 firmari,
1218 3151 1326 3216 preces
1353 3135 1483 3196 nostras

433 3238 611 3318 praesentes
639 3234 688 3296 ita
713 3232 886 3297 efficaciter
910 3233 1065 3318 dignetur
1091 3234 1286 3298 excellentia
1311 3238 1423 3298 vestra
1446 3233 1482 3296 iu

373 3412 377 3419 Ι
433 3337 543 3400 sinum
573 3334 795 3400 exauditionis
825 3335 1011 3414 admittere,
1039 3340 1079 3399 ut
1109 3335 1189 3400 dum
1214 3334 1360 3422 praefatae
1387 3335 1484 3401 eecle-

433 3439 491 3504 siae
517 3441 640 3502 nostrae
666 3441 782 3522 optata
807 3437 964 3524 praesidia
989 3437 1060 3502 viee
1082 3438 1215 3524 patroni
1239 3438 1387 3525 specialis
1409 3460 1482 3525 pro·

433 3539 595 3618 stiteritis,
625 3539 775 3628 princeps
805 3545 840 3605 et
873 3540 980 3626 judex
1010 3540 1158 3605 omnium
1188 3541 1278 3608 Deus
1315 3546 1350 3607 et
1379 3542 1481 3606 sancti

433 3643 504 3728 ejus
534 3664 608 3707 cunr
638 3663 676 3706 eo
706 3663 740 3706 se
770 3643 806 3706 in
836 3643 897 3708 hoe
928 3642 1025 3728 digne
1052 3649 1207 3732 reputent
1236 3640 1421 3726 honoratae,
1449 3651 1483 3710 et

433 3747 577 3811 maxime
606 3744 723 3810 beatus
753 3741 938 3810 Edwardus
968 3744 1064 3811 vobis
1093 3746 1181 3810 iuter
1211 3751 1341 3813 sanctos
1370 3748 1481 3835 praeci-

434 3870 526 3934 puus,
555 3848 612 3934 qui
645 3848 685 3912 de
715 3848 873 3933 praedicto
902 3849 1050 3913 manerio
1082 3847 1347 3914 Wintouiensem
1376 3851 1481 3936 primo

433 3951 564 4017 dotavit
592 3950 768 4029 ecelesiam,
792 3956 827 4015 et
856 3951 1024 4037 perpetuis
1053 3951 1257 4038 temporibus
1279 3953 1409 4039 optavit
1431 3975 1481 4018 re·

432 4075 566 4119 manere
615 4054 773 4118 dotatam.
835 4051 954 4118 Valeat
1004 4053 1278 4120 excellentissima
1330 4055 1481 4139 majestas

433 4163 544 4223 vestre
565 4179 624 4243 per
645 4161 793 4242 tempora
815 4155 969 4242 longiora.

440 4373 605 4381 —---—.--
617 4375 644 4381 -.
687 4375 809 4381 ---—...
829 4375 894 4380 ‚—
915 4375 960 4380 ---
978 4375 1141 4380 ————-
1205 4377 1219 4380 -
1247 4375 1475 4384 ι--.-.--..-..-.-1

799 4484 806 4512 ¹
825 4481 1008 4550 amplectimur]
1023 4483 1057 4534 So
1068 4484 1123 4536 MS.

759 4725 1190 4736 .--———-—--—-.—..—
