3609 5800
409 873 655 928 nnusresrrvu
677 877 720 928 or
742 876 811 928 rna
833 877 942 928 amor
963 877 1009 928 or
1030 877 1152 928 nmmr
1173 878 1226 929 111.
1271 865 1335 929 341

290 1050 452 1137 Philippeo
486 1048 579 1117 vobis
611 1049 791 1131 intimavit,
825 1050 915 1137 qnod
944 1055 996 1117 est
1027 1052 1115 1118 infra
1144 1052 1338 1119 minitatum

289 1151 538 1220 Northumbriae
570 1155 605 1219 et
637 1158 739 1240 eaput
760 1151 907 1220 baroniae
927 1153 1104 1241 pradiatae,
1127 1157 1163 1220 et
1184 1153 1274 1240 quod
1295 1155 1338 1220 de

289 1255 383 1322 vobis
404 1258 539 1320 tenetur
561 1254 598 1320 in
621 1255 728 1342 eapite
761 1253 868 1321 solum
901 1255 1047 1344 ejusdem
1081 1277 1273 1334 eommunis,
1294 1256 1338 1322 ad

290 1379 325 1423 se
346 1361 382 1423 et
403 1356 447 1422 ad
467 1355 616 1424 homines
638 1379 713 1424 suos
727 1357 769 1423 de
785 1355 955 1424 Staworth
976 1358 1185 1446 appropriare
1205 1357 1338 1436 nititur,

289 1460 325 1526 in
346 1461 491 1546 ipsorum
514 1458 667 1526 Nioholai
701 1464 736 1526 et
757 1459 842 1526 Adae
874 1459 1162 1526 exheredationem
1184 1459 1338 1527 manifes-

291 1569 371 1643 tam,
404 1567 444 1628 ut
480 1561 603 1628 dieunt
659 1561 707 1628 Et
740 1561 819 1649 quia
855 1560 1037 1648 perieulum
1075 1561 1338 1628 exheredationis

291 1671 437 1752 tempore
467 1663 625 1732 custodire
655 1663 751 1730 robis
784 1669 820 1730 et
852 1664 1029 1730 heredibus
1049 1664 1169 1730 vestris
1202 1686 1245 1731 ex
1276 1665 1339 1730 hoe

290 1773 399 1854 posset
420 1767 594 1854 provenire
615 1765 819 1854 temporibus
840 1765 1017 1847 futur-isai
1037 1766 1088 1832 ita
1100 1767 1225 1847 fuisset,
1240 1788 1339 1854 super

291 1868 342 1934 his
364 1867 566 1936 excellentiae
598 1873 718 1936 vestrm
750 1867 975 1956 signifioamus
1007 1869 1095 1956 quod
1128 1868 1212 1934 illud
1233 1870 1338 1934 solum

291 1971 457 2060 prsediotae
488 1972 679 2051 eommunae,
703 1969 744 2038 de
777 1993 842 2058 quo
876 1971 1044 2038 eontentio
1077 1977 1230 2038 movetur
1250 1971 1340 2037 inter

291 2079 402 2162 portes
424 2073 606 2162 praediatus,
629 2095 697 2140 non
722 2079 774 2140 eat
805 2073 846 2140 de
877 2072 947 2140 solo
977 2073 1020 2138 de
1054 2073 1228 2160 Langeley,
1251 2074 1340 2161 quod

291 2183 341 2244 est
375 2175 557 2242 manerium
590 2175 741 2264 praedioti
773 2175 929 2244 Nioholai
962 2175 1003 2242 de
1034 2175 1119 2242 Suth
1151 2177 1284 2242 Tindall
1304 2183 1340 2243 et

291 2279 377 2346 inira
390 2278 582 2346 eomitetum
597 2278 632 2344 N
632 2277 839 2357 orhumbriae,
854 2277 913 2345 sed
933 2279 976 2345 de
997 2278 1065 2344 solo
1085 2279 1129 2344 de
1143 2277 1339 2358 Staworthe,

293 2381 381 2469 quod
403 2386 454 2449 est
475 2381 656 2448 manerium
672 2379 830 2447 Willehui
852 2381 893 2446 de
915 2380 1125 2467 Swyneburn
1138 2381 1226 2446 infru
1244 2381 1341 2446 liber-

293 2489 398 2552 tatem
435 2487 582 2550 nostram
615 2483 725 2548 North
760 2482 900 2562 lindall,
935 2483 1021 2549 sicut
1056 2504 1116 2570 per
1145 2483 1339 2570 praedictum

294 2585 494 2652 Willelmum
517 2591 552 2652 et
572 2584 654 2650 ulios
675 2584 787 2650 fideles
809 2589 941 2650 nostros
961 2583 1191 2652 intelleximus

338 2688 408 2756 Noe
422 2709 501 2755 vero
523 2686 678 2776 petitioni
692 2691 812 2752 vestrm
828 2687 1081 2774 adquiescentes,
1104 2693 1139 2753 et
1160 2687 1340 2774 perieulum

294 2798 441 2858 vestrum
475 2797 510 2856 et
541 2795 693 2856 nostrum
726 2809 764 2856 ao
796 2789 1029 2876 praedictarum
1063 2789 1208 2877 partium
1235 2791 1341 2856 vitare

294 2894 450 2975 volentes,
473 2892 710 2982 perpendentes
740 2889 829 2980 quod
860 2914 927 2981 pux
950 2899 985 2959 et
1005 2892 1230 2979 tranquillitas
1254 2891 1342 2960 inter

295 2998 467 3085 praedictas
489 3000 599 3083 partes
620 3016 678 3083 per
700 2994 799 3061 aliam
829 2994 920 3060 viam
951 3016 1051 3082 quam
1082 3017 1141 3082 per
1169 2995 1343 3083 perambu-

294 3100 450 3168 lationem
472 3098 545 3165 fieri
579 3118 647 3163 non
680 3102 799 3185 potest,
822 3098 909 3165 siam
929 3098 1025 3164 nobie
1046 3119 1106 3185 per
1127 3098 1240 3164 literas
1269 3120 1344 3165 ves·

294 3208 364 3269 tras
393 3202 610 3289 significastis,
632 3204 786 3288 rogantes
808 3207 847 3267 ut
869 3200 1147 3287 perambulationi
1177 3201 1343 3289 praedicta

295 3327 460 3373 assensum
482 3302 699 3391 preberemus
731 3324 789 3390 per
821 3302 934 3369 literas
967 3308 1095 3369 nostras
1125 3310 1287 3389 patentes,
1309 3312 1344 3371 et

295 3408 384 3496 quod
405 3430 465 3474 nos
486 3405 732 3494 injungeremus
746 3404 903 3492 praedicto
917 3404 1084 3472 Willelmo
1098 3406 1141 3471 ad
1154 3407 1343 3494 ponendum

295 3534 329 3579 se
351 3512 387 3577 in
409 3508 725 3597 perambulationem
747 3506 846 3587 illam,
870 3512 906 3573 et
935 3506 1045 3595 ipsum
1075 3507 1279 3575 Willelmum
1300 3510 1344 3575 ad

294 3636 354 3680 vos
375 3612 581 3679 mitteremus
603 3632 677 3677 oum
698 3609 804 3677 literis
825 3609 946 3676 nostrie
963 3608 1154 3697 patentibus
1175 3632 1344 3679 assensum

295 3721 444 3783 nostrum
466 3734 563 3801 super
588 3712 649 3779 hoo
679 3712 944 3790 astruentibus,
965 3712 1003 3777 in
1024 3712 1191 3799 quindena
1213 3714 1244 3781 S.
1268 3714 1344 3780 Hil-

294 3819 369 3885 larii
390 3817 539 3905 proximo
562 3815 675 3883 futura
687 3838 696 3895 ;
718 3818 753 3881 et
774 3836 848 3881 oum
870 3814 1036 3903 pmdiotae
1049 3817 1136 3883 villae
1152 3816 1193 3882 de
1214 3816 1340 3904 lange-

294 3922 368 4007 leye
404 3924 439 3985 et
476 3917 644 3985 Staworth
682 3918 756 3985 sitae
792 3918 861 3983 sint
902 3918 940 3982 in
983 3918 1125 3985 oonfinio
1161 3918 1339 3987 semitatus

295 4020 543 4089 Northumbriae
574 4024 609 4085 et
640 4018 806 4086 libertatis
836 4025 958 4087 nostrae
989 4018 1101 4087 North
1134 4020 1274 4100 l'indall,
1304 4028 1340 4089 et

295 4124 467 4212 perillam
489 4120 804 4210 perambulationem
835 4128 934 4189 oertee
966 4121 1082 4189 divisse
1114 4122 1186 4189 fieri
1218 4122 1341 4190 debent

251 4272 254 4281 .
295 4227 385 4293 inter
417 4224 613 4313 predictum
647 4225 840 4290 comitatum
874 4232 909 4289 et
939 4224 1131 4311 praedictam
1152 4224 1341 4292 libertatem

295 4332 452 4410 nostram,
474 4328 541 4415 ipsi
568 4326 845 4415 perambulationi
878 4348 1046 4393 assensum
1079 4332 1230 4393 nostrum
1258 4350 1343 4417 prae·

296 4430 432 4497 bemus:
472 4429 522 4496 ita
559 4429 646 4517 quod
683 4429 844 4496 medietas
880 4429 1027 4517 ipsorum
1063 4452 1122 4517 per
1158 4452 1238 4517 quos
1271 4432 1344 4519 ipsa

295 4532 535 4622 perambulatio
556 4532 628 4599 fieri
651 4533 749 4599 debet
771 4532 817 4597 sit
839 4532 881 4599 de
901 4532 1064 4599 eomitatu
1084 4532 1343 4615 Northumbriae,

295 4640 331 4705 et
353 4636 418 4701 alia
432 4634 590 4701 medietas
612 4634 653 4700 de
675 4634 829 4701 libertate
852 4639 966 4701 nostra
979 4634 1091 4701 North
1112 4635 1251 4702 Tindall.
1297 4636 1344 4703 Et

297 4736 525 4805 mandabimus
557 4736 680 4803 ballivo
710 4742 824 4805 nostro
856 4736 967 4803 North
997 4736 1137 4819 lindall,
1160 4738 1248 4825 quod
1273 4739 1343 4826 ipse
