3609 5800
260 1285 311 1334 and
322 1285 366 1336 the

257 1351 352 1467 appotin
323 1359 374 1401 mt-

290 1419 384 1536 ιιιιοίΙ,0

427 861 492 922 128
576 872 695 922 novin
718 873 792 922 mvn
814 873 931 924 ornm
953 842 1159 924 nrsrorucsn
1182 875 1329 924 nnrrnns

426 1046 530 1111 dilate
553 1067 628 1110 cum
650 1046 735 1123 eliis,
757 1045 845 1113 sicut
869 1046 1044 1112 volueritis
1066 1051 1213 1113 nostrum
1236 1052 1271 1113 et
1292 1051 1481 1113 nostrorum

426 1149 584 1214 heredum
605 1147 870 1236 indignationem
892 1149 1000 1214 vitare
1023 1149 1061 1214 in
1082 1153 1320 1236 perpetuum.

471 1250 636 1317 Praeterea
651 1272 726 1316 cum
741 1273 801 1316 vos
816 1272 973 1316 unacum
997 1252 1117 1317 comite
1133 1251 1174 1316 de
1190 1251 1397 1331 Werrewico,
1414 1250 1479 1314 Ro-

368 1374 503 1468 ourgero
525 1352 557 1417 le
580 1353 706 1440 Bygod,
728 1353 848 1418 comite
870 1352 1071 1418 Nordolchiae
1097 1358 1131 1419 et
1154 1353 1343 1418 marescallo
1366 1357 1480 1417 nostro

385 1433 567 1540 urAngliae,
582 1459 618 1520 et
633 1455 771 1543 Hugoni
785 1456 816 1519 le
831 1455 948 1542 Bigod,
965 1454 1066 1521 fratre
1081 1478 1149 1536 suo,
1166 1455 1262 1520 electi
1276 1455 1351 1520 sitis
1365 1477 1386 1520 a
1400 1477 1481 1541 prue-

424 1558 524 1622 dictis
538 1557 661 1643 viginti
676 1562 817 1644 quotuor
831 1557 874 1622 ud
889 1557 1131 1622 nominandum
1146 1557 1221 1622 illos
1236 1578 1294 1643 qur
1285 1557 1351 1622 de
1366 1561 1480 1621 nostro

424 1681 494 1725 esse
517 1659 639 1725 debent
671 1658 873 1736 consilio,et
908 1664 983 1746 post
968 1658 1117 1725 tmodum
1151 1659 1194 1724 sd
1223 1658 1340 1724 illos'
1330 1679 1366 1722 m
1398 1679 1479 1743 quos

423 1783 483 1826 vos
506 1764 651 1847 quotuor
672 1759 727 1826 vel
758 1766 826 1827 tres
848 1765 1000 1826 vestrum
1031 1759 1309 1826 concordaveritis
1332 1759 1406 1825 aliis
1429 1780 1480 1824 oo·

426 1863 673 1929 ordinatoribus
696 1863 819 1928 nostris
841 1863 1098 1949 praesentandos,
1115 1868 1155 1929 ut
1170 1884 1230 1929 vos
1245 1883 1359 1928 onmes
1381 1860 1480 1926 simul

425 1965 480 2030 vel
502 1965 609 2049 major
640 1986 715 2051 pars
746 1969 895 2030 vestrum
928 1965 1016 2052 ipsos
1050 1964 1093 2030 sd
1125 1969 1276 2031 nostrum
1306 1963 1477 2029 consilium

425 2066 633 2153 deputandos
649 2066 850 2132 confirmetis
865 2067 919 2132 vel
935 2065 1128 2147 infirmetis;
1152 2067 1248 2133 vobis
1262 2065 1480 2152 praecipimus,
1551 2141 1556 2158 k

425 2167 566 2234 firmiter
587 2167 799 2256 injungentes
821 2169 858 2233 in
891 2169 958 2234 fide
989 2191 1055 2256 qus
1089 2167 1184 2234 nobis
1206 2167 1376 2244 tenemini,
1400 2189 1479 2252 qun-

426 2275 523 2334 tenus
553 2291 717 2335 unacum
740 2270 838 2336 dietis
864 2271 1041 2336 comitibus
1075 2277 1110 2336 et
1142 2270 1287 2357 Hugone
1321 2269 1479 2356 praedicto

424 2370 469 2436 od
499 2371 697 2458 praedictum
726 2371 901 2437 consilium
935 2376 1087 2438 nostrum
1119 2371 1207 2438 sicut
1245 2371 1395 2458 superius
1429 2375 1480 2434 ost

424 2495 616 2559 expressum
640 2473 889 2552 nominandum,
913 2479 1013 2560 prout
1037 2474 1199 2540 Dominus
1222 2473 1317 2538 vobis
1339 2471 1479 2559 inspiro-

423 2575 521 2655 verit,
552 2575 693 2640 indilate
725 2575 917 2662 procedatis,
950 2576 1036 2641 siout
1072 2580 1222 2641 nostram
1253 2578 1288 2640 et
1322 2573 1478 2639 heredum

422 2681 611 2741 nostrorum
634 2677 742 2743 vitare
784 2677 957 2743 volueritis
992 2677 1255 2764 indignationem
1287 2674 1369 2762 pro¹
1407 2697 1479 2761 pcr-

423 2784 531 2864 petuo.
578 2779 650 2844 Nos
673 2780 761 2845 enim
784 2779 926 2846 firmiter
941 2779 1036 2846 vobis
1055 2779 1282 2866 promittimus
1304 2799 1366 2864 pro
1381 2777 1478 2842 nobis

423 2885 458 2945 et
472 2879 647 2947 heredibus
662 2881 785 2947 nostris
800 2882 890 2968 quod
912 2881 940 2947 si
963 2882 1006 2947 ad
1030 2881 1219 2967 hujusmodi
1235 2878 1479 2947 ordinationem

423 2987 459 3046 et
480 2982 746 3049 reformationem
770 2988 805 3050 et
827 2985 955 3051 consilii
978 2985 1083 3049 nostri
1106 2984 1374 3061 nominationem,
1393 2982 1479 3048 sicut

423 3085 572 3171 superius
595 3090 647 3149 est
669 3106 869 3172 expressum,
893 3086 1128 3173 processeritis,
1152 3086 1188 3149 in
1218 3085 1309 3151 nullo
1343 3106 1402 3150 nos
1423 3082 1478 3148 vel

423 3186 558 3251 heredes
580 3188 687 3252 nostri
721 3194 836 3254 contra
869 3210 930 3255 vos
961 3189 1015 3254 vel
1047 3194 1174 3254 vestros
1205 3187 1326 3253 futuris
1348 3190 1474 3273 tempo-

423 3286 516 3351 ribus
532 3289 748 3369 movebimur,
764 3290 822 3355 sed
836 3312 897 3355 nos
920 3294 955 3355 et
978 3289 1131 3376 praedicti
1154 3288 1290 3355 heredes
1313 3288 1420 3353 nostri
1442 3288 1477 3351 in

422 3390 484 3454 hec
506 3396 601 3476 porte
624 3413 682 3457 vos
705 3393 972 3458 conservabimus
1002 3392 1182 3458 indemnes.
1229 3390 1271 3455 In
1293 3389 1395 3476 cujus,
1418 3393 1478 3455 etc.

468 3492 565 3558 Teste
599 3515 652 3559 mc
685 3494 757 3581 ipso
792 3496 881 3582 opud
912 3494 1087 3575 Oxoninm,
1119 3493 1275 3560 vicesimo
1298 3499 1393 3558 sexto
1424 3492 1476 3557 die

423 3592 529 3659 Junii.

468 3694 662 3762 Consimiles
684 3697 791 3764 literne
813 3698 1004 3785 diriguntur
1028 3698 1156 3784 Rogero
1179 3698 1209 3762 le
1233 3695 1347 3782 Bigod,
1364 3693 1477 3758 comiti

424 3796 624 3864 Norfolchiae
646 3803 681 3864 et
704 3799 894 3865 marescallo
909 3798 1051 3886 Angliee.
1098 3799 1138 3864 In
1156 3796 1258 3884 cujus,
1274 3803 1333 3863 etc.
1380 3797 1476 3860 'Peste

424 3903 662 4067 utOsddbridriless
683 4002 789 4069 literae
812 4002 1004 4090 diriguntur
1037 4002 1173 4090 Hugoni
1210 4002 1240 4067 le
1272 4000 1386 4087 Bigod,
1405 3997 1477 4084 jus·

423 4103 552 4169 ticinrio
574 4104 714 4191 Anglise.
761 4105 805 4169 In
827 4106 929 4190 cujus,
954 4111 1014 4171 etc.
1060 4106 1157 4170 Teste
1180 4108 1220 4169 ut
1241 4124 1349 4190 supro„

468 4204 663 4271 Consimiles
694 4206 801 4273 literae
833 4207 1024 4294 diriguntur
1057 4204 1204 4271 Johunni
1240 4205 1281 4270 de
1315 4202 1477 4280 Plessetis,

425 4307 538 4371 miniti
560 4306 784 4374 Werwiccnsi.
833 4308 874 4373 In
898 4330 949 4393 cuj
952 4330 1000 4389 us,
1023 4313 1081 4374 etc.
1128 4308 1287 4372 Testet
1248 4312 1287 4371 ut
1310 4326 1416 4391 supra.

765 4460 1092 4469 ---—·—--------
1385 4454 1471 4461 --ιο-

751 4531 757 4558 ¹
773 4518 892 4595 prc]-'
852 4545 907 4592 nro,
919 4529 984 4589 Ms,
996 4530 1042 4590 ie,
1054 4536 1147 4581 nostro.
