3609 5800
465 850 507 911 l8
614 860 729 912 ROYAL
752 861 825 917 AND
848 862 965 915 OTHER
987 859 1194 913 Hlsromcau
1218 861 1367 914 aarum

295 1058 446 1124 rprayyou
510 1036 688 1107 Serenitati
710 1040 829 1105 vestroe
859 1035 1068 1104 notificamus
1089 1037 1178 1125 quod
1200 1038 1316 1103 mutate
1350 1034 1520 1122 pransu

296 1130 424 1256 mg*
464 1140 594 1207 fidelem
630 1140 820 1257 [nostruml
843 1140 1032 1256 Jobannem
1061 1140 1265 1256 capellanum
1300 1139 1345 1205 ad
1374 1143 1519 1254 vestram

296 1258 359 1307 Laut
369 1272 431 1322 year
465 1242 705 1329 paresen[tiam]
737 1243 977 1309 destinaremus
1008 1264 1084 1307 oum
1117 1263 1234 1309 exemo
1269 1247 1403 1323 nostro;
1435 1239 1517 1327 quid

296 1324 311 1371 I
322 1332 378 1373 sent
388 1341 436 1377 one

296 1391 342 1439 but
353 1406 397 1455 my

297 1471 442 1523 manenger
464 1444 619 1513 fortuitos
642 1468 735 1513 casus
757 1446 843 1514 varii
865 1450 945 1511 sunt
968 1467 1078 1512 rerum
1108 1450 1255 1523 e'ventus,
1285 1444 1385 1511 obvia
1404 1442 1518 1510 nautia

295 1537 417 1641 ζζζοὴά
466 1548 550 1615 aeris
565 1548 783 1635 malignitate,
808 1552 883 1635 post
904 1549 1038 1635 longam
1052 1549 1161 1635 pelagi
1176 1547 1415 1615 oberrationem
1429 1546 1520 1633 apud

465 1648 685 1717 Frislandiam
711 1650 859 1717 fecerunt
882 1650 1113 1737 naufragium
1144 1652 1193 1717 ita-
1227 1649 1317 1736 quod
1349 1671 1424 1717 curu
1457 1648 1517 1715 ali·

463 1752 583 1838 quibus
607 1774 650 1818 ex
672 1752 785 1819 nautis
808 1751 831 1817 J
834 1751 1006 1839 [ohannes]
1029 1752 1169 1818 nuncius
1191 1757 1305 1819 noster
1325 1751 1386 1819 vix
1409 1751 1517 1817 nudus

463 1857 576 1933 evasit,
592 1856 742 1942 pluribus
757 1855 805 1921 ibi
819 1855 985 1921 nobilibus
1000 1856 1080 1921 viris
1095 1855 1277 1922 submersis
1310 1854 1519 1941 Quapropter

462 1957 661 2027 sublimitati
690 1962 810 2028 vestra
840 1957 1070 2045 supplicamus,
1109 1962 1149 2023 ut
1180 1958 1268 2045 quod
1299 1956 1343 2025 ad
1375 1978 1517 2043 praesens

462 2058 578 2125 honori
599 2065 710 2125 vestro
732 2060 998 2138 transmittimus,
1021 2059 1200 2129 honorifica
1230 2059 1380 2147 dignatio
1406 2064 1518 2126 vestra

461 2166 633 2247 gratanter
665 2161 831 2248 sausoipiat
854 2184 924 2227 non
954 2163 1176 2248 quantitatem
1209 2162 1296 2239 doni,
1317 2162 1375 2227 sed
1405 2161 1517 2227 dantis

461 2269 725 2349 perseverantem
739 2264 1005 2335 benevolentiam
1020 2270 1203 2352 pensantes
1249 2263 1272 2329 J
1273 2263 1396 2330 ohanni
1410 2263 1517 2350 capel·

460 2364 537 2431 lano
569 2366 660 2432 fideli
700 2370 814 2433 nostro
846 2388 945 2453 super
975 2368 1027 2433 hie
1068 2390 1143 2453 qum
1174 2367 1270 2433 uobis
1305 2368 1513 2434 intimaverit

461 2468 691 2539 credulitatem
735 2468 930 2547 adhibeatis,
975 2470 1205 2537 indubitanter
1249 2470 1386 2536 scientes
1424 2470 1513 2555 quod

460 2571 626 2637 neminem
672 2572 874 2640 excellentiae
912 2578 1041 2649 vestrae,
1079 2572 1143 2638 nisi
1189 2576 1326 2660 experto
1371 2572 1512 2654 fidelem,

460 2673 639 2740 mittemus.

437 1343 519 1411 ’vel
557 1344 653 1429 quale
683 1344 783 1413 fuerit
817 1343 886 1431 ipse
923 1343 1019 1411 vobis
1057 1343 1208 1429 explicet.
1269 1344 1393 1409 Verum
1430 1342 1519 1407 inter

747 2926 1197 2935 .-—-—--—-—-———-...—-

833 3131 1114 3208 OOOOXXVIII.

753 3305 829 3372 Tse
852 3322 941 3373 sana
963 3326 1006 3374 ro
1029 3326 1099 3375 run
1120 3325 1217 3376 saara

806 3463 899 3530 (Royal
910 3465 1016 3528 Iaettera,
1027 3465 1077 3519 No.
1092 3469 1161 3533 126.)

289 3588 443 3640 1²³⁷-124⁰·
503 3587 716 3656 Serenissimo
731 3595 836 3660 amico
852 3600 887 3661 et
901 3619 1017 3684 remim
1036 3598 1258 3664 illustrissimo
1274 3599 1428 3681 Henrioo,
1444 3601 1508 3667 Dei

455 3691 564 3778 gratia
592 3691 732 3780 Angliee,
757 3695 915 3785 S[culius]
939 3699 1053 3764 eadem
1075 3701 1183 3787 gratia
1215 3701 1285 3766 dux
1315 3702 1508 3790 Norwegiae,

454 3793 592 3859 salutem
617 3800 652 3860 et
674 3796 832 3862 sinceram
855 3799 1072 3868 dilectionem.

284 3917 389 3970 Ithank
498 3894 550 3960 De
572 3897 698 3962 exeniis
721 3902 820 3985 atque
831 3900 994 3986 jocalibus
1017 3905 1111 3969 nobis
1127 3925 1214 3969 anno
1237 3905 1347 3992 elapso
1361 3927 1382 3970 a
1397 3911 1507 3972 vestra

284 3987 411 4104 1ξὲτῖολ
451 3997 543 4082 regia
564 3999 739 4065 serenitate
763 4003 970 4081 transmissis,
985 4011 1094 4092 grates
1108 4006 1204 4071 nobis
1226 4007 1397 4073 referimus
1411 4010 1506 4074 uber-

283 4067 421 4200 10οΡ00
450 4099 559 4178 rimas,
575 4103 719 4190 prompti
742 4108 776 4168 et
799 4106 906 4191 parati
921 4107 1006 4172 velle
1028 4112 1176 4174 vestrum
1198 4111 1232 4173 et
1254 4109 1504 4196 beneplacitum,

281 4195 407 4303 ffiffl
450 4201 479 4265 si
499 4203 596 4270 nobis
611 4205 786 4292 aperiatur,
802 4227 862 4292 pro
878 4209 970 4274 omni
991 4231 1085 4296 posse
1105 4214 1219 4279 nostro
1243 4212 1431 4279 executioni
1451 4213 1506 4278 de

281 4331 402 4398 your-er·
449 4306 612 4372 mandare.
659 4305 765 4393 Super
795 4308 858 4376 hoc
888 4311 989 4376 etiam
1021 4312 1110 4397 quod
1138 4313 1235 4380 nobis
1256 4313 1364 4380 literis
1390 4316 1505 4380 vestris

280 4382 431 4446 ¹²¹²¹¹²²¹⁰¹¹⁸·
447 4405 656 4492 significastis
670 4409 980 4477 confoederationem
1002 4413 1090 4478 inter
1111 4413 1371 4481 illustrissimum
1393 4439 1502 4504 regem

446 4510 481 4572 et
511 4513 639 4595 patrem
662 4516 808 4582 vestrum
831 4519 865 4579 et
887 4535 947 4580 nos
969 4515 1118 4584 habitam
1140 4539 1199 4584 vos
1221 4517 1305 4585 velle
1336 4517 1504 4597 innovare,

444 4608 564 4678 hilares
586 4611 666 4682 facti
688 4635 800 4684 sumus
822 4621 857 4682 et
885 4617 1033 4704 jocundi,
1066 4619 1154 4688 idem
1187 4641 1229 4687 ex
1259 4625 1354 4706 parte
1389 4627 1504 4688 nostra

443 4709 565 4798 absque
588 4715 679 4781 omni
701 4712 853 4806 scrupulo
876 4725 988 4788 tenere
1003 4727 1037 4790 et
1059 4721 1298 4789 inviolabiliter
1321 4723 1498 4790 observare

442 4815 618 4899 cupientes
