3609 5800
321 846 322 849 ’
431 840 472 905 96
575 854 689 907 nomn
712 853 784 907 exn
810 852 925 907 omnm
950 852 1156 905 msmmcen
1180 853 1325 907 inmens

470 1032 522 1099 De
534 1031 695 1099 Nioholeo
710 1032 751 1099 de
766 1030 905 1099 Runton
919 1029 956 1118 ij.
972 1030 1061 1097 dolie
1071 1030 1147 1098 vini
1159 1028 1318 1101 aneioe.
1338 1032 1477 1105 Summe

425 1136 467 1201 xl
480 1158 506 1201 e.
562 1136 612 1201 De
638 1134 786 1202 Jordeno
818 1134 859 1201 de
885 1135 1019 1200 Pereres
1044 1135 1085 1201 de
1109 1133 1293 1221 Rotomego
1314 1136 1348 1222 ij.
1379 1138 1476 1205 dolie

425 1238 563 1305 Summe
577 1238 620 1305 xl
636 1261 660 1307 s.
683 1239 734 1306 De
749 1238 915 1305 Willelmo
930 1237 1058 1324 Boleng
1071 1235 1104 1324 ij.
1123 1236 1218 1304 dolio.
1239 1236 1377 1305 Summe.
1390 1240 1434 1307 xl.
1450 1262 1475 1307 e.

424 1341 476 1407 De
499 1341 665 1407 Willelmo
691 1342 733 1408 de
758 1341 881 1409 Oodree
906 1341 939 1427 ij.
970 1340 1067 1407 dolia.
1111 1340 1249 1409 Summo
1271 1342 1316 1408 xl
1343 1364 1367 1410 s.
1422 1344 1474 1411 De

424 1444 589 1511 Willelmo
619 1497 627 1513 .
658 1497 666 1511 .
695 1497 704 1515 .
734 1445 814 1531 feyn
828 1443 861 1531 ij.
879 1444 977 1510 dolie..
1015 1442 1153 1511 Summo
1171 1444 1216 1510 xl
1231 1466 1254 1510 e.
1300 1446 1351 1512 De
1375 1445 1473 1533 Regi·

422 1547 522 1613 mido
546 1547 680 1635 Blnngie
694 1548 727 1634 ij.
745 1547 839 1625 dolie,
856 1548 899 1612 ml
913 1551 1036 1613 rectem
1058 1545 1189 1634 prisam.
1230 1546 1366 1614 Summa
1389 1548 1434 1615 xl
1449 1573 1474 1617 e.

424 1649 475 1715 De
502 1649 679 1717 Benedioto
694 1649 725 1716 le
749 1650 872 1737 Moyne
896 1648 955 1735 iiij.
980 1648 1076 1715 dolie.
1125 1648 1262 1715 Summe
1276 1649 1335 1736 iiij.
1356 1650 1376 1717 l.
1422 1650 1473 1719 De

424 1752 589 1819 Willelmo
614 1753 736 1819 Boffun
759 1752 793 1840 ij.
820 1752 915 1818 dolia.
961 1752 1099 1820 Summo
1120 1751 1165 1817 xl.
1180 1775 1203 1818 n
1250 1752 1301 1819 De
1327 1752 1474 1823 Roberto

424 1855 554 1922 Russell
583 1855 616 1943 ij.
648 1856 743 1923 dolio.
790 1856 928 1923 Summa
949 1856 996 1921 xl.
1011 1878 1036 1923 e.
1089 1854 1140 1919 De
1168 1854 1309 1921 Ricardo
1339 1857 1474 1925 Dorbek

422 1960 455 2045 ij.
484 1958 579 2027 dolio.
628 1960 766 2025 Summo
791 1959 834 2025 xl.
851 1981 874 2023 e
920 1958 970 2025 De
994 1957 1140 2025 Roberto
1170 2010 1179 2025 .
1208 2009 1216 2025 .
1246 2011 1253 2025 .
1284 1960 1349 2045 .ij.
1376 1960 1472 2030 dolia.

423 2062 560 2128 Summo
585 2063 629 2129 xl.
646 2085 668 2128 e
716 2063 766 2128 De
793 2061 958 2129 Willelmo
983 2060 1127 2127 Hunerd
1150 2060 1184 2145 ij.
1200 2060 1297 2127 dolio.
1335 2062 1473 2130 Summo

422 2165 466 2229 xl.
482 2188 506 2231 e.
551 2165 601 2232 De
627 2164 739 2252 Helyo
762 2166 803 2231 de
830 2164 996 2231 Beumont
1021 2161 1054 2247 ij.
1085 2161 1181 2230 dolio.
1220 2162 1357 2231 Summe.
1380 2166 1424 2233 xl
1447 2189 1472 2235 s.

423 2268 474 2335 De
505 2269 633 2355 Rogero
657 2267 698 2333 de
722 2268 769 2333 Im
800 2266 881 2333 Oom
912 2317 920 2331 .
949 2317 957 2333 .
987 2315 995 2331 .
1021 2266 1056 2352 ij.
1086 2264 1183 2333 dolia.
1221 2264 1359 2334 Summo.
1387 2269 1431 2337 xl.
1447 2292 1471 2338 e.

422 2371 473 2436 De
489 2370 654 2437 Willelmo
681 2370 723 2435 de
744 2370 922 2435 Batentort
942 2368 976 2454 ij.
1002 2367 1098 2435 dolie.
1133 2366 1270 2436 Summa
1291 2370 1336 2437 xl.
1351 2393 1375 2436 s.
1421 2374 1472 2439 De

421 2473 566 2540 Rodulfo
588 2474 629 2540 de
652 2472 780 2540 Trovill
797 2473 822 2557 J'.
839 2472 971 2539 dolium.
1007 2471 1144 2537 Summe
1167 2516 1176 2535 .
1199 2519 1208 2537 .
1232 2494 1256 2538 e.
1302 2474 1352 2540 De
1373 2474 1471 2543 Petro

421 2577 462 2643 de
478 2576 607 2643 Sereree
627 2578 671 2664 vj.
695 2576 785 2642 dolie.
807 2576 847 2641 de
870 2575 1046 2663 emptione,
1061 2574 1207 2663 pretium
1229 2576 1405 2663 cujuslibet
1426 2580 1472 2648 xl.

420 2680 550 2761 eolidox
584 2685 618 2745 et
650 2680 683 2765 ij.
711 2677 799 2745 dolio
829 2678 872 2743 ad
894 2684 1019 2745 rectem
1041 2678 1174 2767 primm.
1217 2677 1354 2747 Summe
1382 2681 1469 2769 xiiij.

403 2782 529 2848 librae.
575 2782 626 2849 De
657 2782 757 2847 Petro
792 2781 824 2846 le
853 2780 948 2846 Brun
976 2781 1020 2845 de
1056 2783 1182 2848 Menon
1210 2782 1266 2868 vij.
1298 2782 1387 2852 dolia
1428 2786 1469 2851 de

421 2886 594 2974 emptione,
616 2885 761 2974 pretium
784 2882 960 2969 cujuslibet
981 2905 1063 2949 xxx.
1084 2883 1214 2965 solidos,
1238 2890 1273 2952 et
1296 2885 1321 2973 j.
1344 2887 1467 2958 dolium

420 2989 463 3054 od
485 2993 608 3056 rectem
631 2989 762 3076 prisem.
821 2985 959 3052 Summa
981 2986 1026 3052 xi
1041 2985 1077 3051 li.
1098 3005 1130 3050 x
1147 3011 1172 3057 s.
1232 2988 1282 3056 De
1319 2989 1465 3058 Erneldo

421 3091 553 3157 Meurin
574 3091 616 3157 de
632 3091 756 3156 Mavan
771 3089 816 3174 iij.
831 3089 922 3154 dolie.
943 3087 984 3152 de
1005 3086 1181 3175 emptione,
1203 3092 1343 3180 pretium
1359 3092 1466 3180 eujus.

418 3296 460 3361 de
484 3295 617 3376 Manen,
632 3294 691 3381 iiij
707 3293 804 3372 dolio,
828 3292 973 3382 pretium
996 3297 1036 3358 ut
1058 3314 1165 3380 supro,
1187 3295 1223 3356 et
1239 3299 1261 3386 j.
1276 3296 1318 3364 od
1338 3303 1461 3366 rectem

418 3398 546 3485 primm.
592 3397 729 3464 Summe
749 3397 805 3483 vij.
831 3395 865 3461 li
911 3395 962 3463 De
983 3395 1136 3462 Jolmnne
1158 3394 1198 3460 de
1222 3393 1342 3467 Solonio
1364 3423 1394 3468 v.
1419 3403 1461 3469 de

418 3501 595 3589 emptione,
611 3505 645 3566 et
670 3499 702 3585 ij.
719 3498 809 3566 dolie
823 3493 867 3564 od
889 3504 1013 3565 reotom
1036 3497 1167 3588 primm.
1213 3496 1342 3569 Summe
1363 3506 1407 3571 ix
1423 3504 1458 3572 ti.

418 3624 451 3670 x
475 3623 499 3669 e.
554 3601 605 3672 De
629 3601 774 3668 Ernoldo
806 3600 965 3667 Willelmi
997 3600 1041 3688 vj.
1079 3601 1176 3684 dolie,
1199 3604 1235 3666 et
1263 3597 1296 3683 ij.
1305 3606 1391 3672 dolie
1415 3608 1457 3675 de

398 3706 515 3792 prise.
569 3704 706 3771 Summo
727 3704 772 3790 xj.
795 3704 829 3770 li.
874 3704 927 3769 De
961 3703 1082 3790 Byden
1113 3702 1155 3768 de
1178 3701 1226 3768 La
1248 3701 1372 3775 Botere
1394 3710 1453 3797 iiij.

350 3875 351 3880 ,
417 3807 507 3872 dolie
522 3805 563 3872 de
587 3808 753 3894 emptione
775 3812 810 3873 et
826 3807 853 3892 J'.
867 3805 995 3872 dolium
1017 3806 1060 3871 ed
1081 3806 1213 3894 prieom.
1259 3805 1383 3879 Sumne,
1396 3814 1453 3900 vij,

417 3909 527 3976 librae.
571 3909 624 3976 De
647 3909 812 3997 Willelmo
835 3909 942 3975 Artur
963 3931 994 3975 x
1010 3907 1108 3986 dolio,
1123 3907 1266 3995 pretium
1288 3912 1328 3972 ut
1353 3938 1450 4004 eupra,

417 4035 472 4079 xv.
487 4013 595 4080 libres.
640 4011 690 4078 De
714 4010 913 4098 Reymundo
936 4011 1069 4078 Gemud
1091 4009 1132 4077 de
1155 4010 1281 4077 Movon
1292 4008 1317 4096 j.
1341 4008 1449 4086 dlium

407 4117 459 4182 ,de
482 4115 657 4203 emptione,
674 4119 708 4180 et
726 4114 750 4200 j.
766 4115 809 4179 ed
830 4114 962 4202 prisom.
996 4113 1135 4179 Summe.
1150 4113 1170 4180 l
1186 4134 1210 4180 e.
1249 4112 1300 4179 De
1315 4112 1447 4188 Emeieo

417 4321 554 4386 Summe
575 4343 630 4386 xx.
660 4319 692 4386 li.
726 4336 758 4384 x.
785 4341 808 4384 s.
873 4320 924 4386 De
955 4318 1121 4386 Willelmo
1153 4318 1185 4384 le
1217 4318 1375 4402 Flemeng
1396 4328 1446 4414 vij,

417 4423 506 4489 dolio
535 4423 575 4489 de
606 4422 780 4509 emptione,
811 4425 846 4486 et
875 4421 908 4508 ij.
938 4422 982 4486 ed
1011 4421 1141 4508 prieom.
1187 4420 1325 4486 Summo
1348 4416 1448 4502 xiij,

416 4548 446 4591 x.
462 4549 485 4592 e.
532 4525 583 4590 De
606 4523 772 4590 willelmo
794 4523 895 4610 Vigor
916 4525 940 4610 j.
964 4523 1088 4590 dolium
1112 4523 1153 4588 de
1175 4523 1349 4608 emptione,
1372 4523 1407 4585 et
1415 4533 1446 4618 zj,

416 4627 459 4692 ad
505 4629 636 4714 prisam.
692 4625 829 4692 Summo
859 4625 927 4691 lxx.
965 4648 988 4690 e.
1035 4626 1086 4691 De
1117 4625 1216 4691 Petro
1251 4620 1397 4708 Geylerd
1427 4638 1444 4712 j,

417 4729 505 4794 dolia
537 4729 577 4794 de
610 4729 783 4816 emptione,
819 4733 853 4794 et
882 4727 907 4814 j.
931 4727 975 4793 ed
1007 4727 1138 4815 primm.
1195 4725 1333 4794 Summe
1355 4723 1414 4809 iiij.
