3609 5800
440 902 693 957 rutumusrrvn
716 903 760 952 os
782 903 854 954 run
878 903 984 955 unos
1008 903 1052 952 os
1076 902 1198 952 ussus
1222 901 1273 950 111.
1322 883 1385 954 175

332 1078 491 1146 duximus
512 1076 765 1165 signifioondum
780 1076 869 1162 quod
890 1077 941 1142 ito.
962 1075 1211 1163 mrrltiplioibus,
1228 1077 1338 1156 variis,
1354 1079 1389 1140 et
1400 1091 1503 1158 coming
1514 1101 1540 1141 to

332 1179 528 1268 urgentibus
561 1179 703 1266 negotiis
735 1200 809 1264 quae
840 1178 936 1246 nobis
965 1183 1100 1266 propter
1129 1179 1287 1247 festinum
1325 1180 1389 1244 iter
1400 1175 1460 1276 {222
1467 1159 1557 1276 iffi

333 1288 485 1351 nostrum
516 1303 632 1350 versus
661 1302 801 1367 regnum
835 1286 985 1348 nostrum
1018 1281 1225 1356 Alemanniae
1257 1302 1389 1350 onerose
1401 1294 1485 1342 avare
1496 1293 1537 1341 be-

334 1385 532 1454 incumbunt
554 1383 838 1470 sumus'graviter
858 1383 1075 1470 impeditius
1097 1389 1232 1470 propter
1253 1384 1389 1450 nuntios
1402 1365 1544 1474 ffig'ffl

334 1487 497 1552 n0b²¹ium
519 1485 728 1552 Alemanniae
750 1486 792 1551 de
824 1506 912 1558 novo
946 1507 1006 1572 pro
1030 1487 1142 1560 arduis
1164 1486 1307 1574 negotiis
1329 1507 1389 1552 nos
1402 1491 1495 1572 uuor

334 1596 370 1656 et
390 1590 480 1677 ipses
502 1587 720 1675 tangentibus
742 1588 1020 1674 supervenientes,
1042 1609 1126 1674 quos
1147 1611 1221 1656 oum
1244 1588 1390 1658 maxima
1402 1561 1537 1692 ffiffi'

335 1691 530 1760 maturitate
555 1696 591 1756 et
622 1689 861 1756 deliberatione
883 1712 952 1756 nou
982 1689 1112 1757 modice
1145 1711 1205 1756 noe
1237 1690 1391 1776 expedire

335 1799 476 1882 oportet,
499 1793 588 1880 quod
609 1793 653 1858 od
679 1814 824 1880 praesens
845 1799 990 1866 ventrem
1012 1793 1149 1860 visitare
1182 1793 1391 1879 presentiam

257 1970 263 1982 Ι
335 1918 509 1984 possumus
539 1895 761 1976 nullomodo,
784 1895 1042 1982 quodquidam,
1066 1895 1094 1960 si
1117 1894 1233 1982 pleoet,
1256 1895 1391 1966 moleste

335 2021 404 2069 uon
426 1998 549 2066 feratis
591 1998 637 2064 Et
674 1998 703 2064 si
739 2019 801 2085 pro
838 1997 928 2065 dioto
961 1999 1049 2064 inter
1080 2019 1139 2064 vos
1169 2001 1204 2064 et
1237 1998 1390 2064 eomitem

337 2101 512 2168 Ieoestriae
534 2099 649 2166 venire
683 2100 884 2178 deberemus,
910 2100 991 2166 seire
1023 2121 1082 2168 vos
1116 2099 1269 2166 volumus
1303 2100 1391 2185 quod

336 2209 486 2270 nostrum
520 2207 605 2268 esset
635 2202 809 2268 eonsilium
841 2204 939 2289 quod,
963 2201 1052 2270 dioto
1074 2204 1146 2290 ipso
1168 2202 1392 2289 pronunciato,

336 2305 421 2372 illud
442 2304 550 2372 modis
571 2304 724 2373 omnibus
746 2305 965 2375 observaretis
987 2305 1154 2372 indefesse.

382 2408 509 2474 Detum
541 2407 631 2494 opud
654 2405 873 2495 Wolingiord,
896 2428 985 2476 nono
1016 2407 1071 2476 die
1094 2407 1186 2486 Maii,
1211 2406 1391 2475 indictione

338 2511 466 2597 quintu,
488 2510 582 2598 regni
604 2509 711 2582 nostui
733 2530 820 2576 enno
842 2509 966 2595 quinte.

887 2771 1091 2782 —.-...----

555 3086 711 3154 Lnrrnns
734 3086 874 3155 Pnrnrr
896 3105 941 3155 os
964 3087 1094 3157 Hrsnr
1117 3086 1184 3153 ΙΙΙ.

623 3220 759 3287 (itotPet
772 3228 804 3273 45
815 3222 883 3275 Heu.
896 3222 954 3284 m,
968 3222 1060 3275 memb.
1073 3224 1110 3287 9.)

386 3335 459 3402 Rex
482 3334 646 3415 omnibus,
669 3341 740 3416 eto,
765 3336 915 3404 salutern⁸
1406 3359 1470 3423 tuly
1484 3364 1507 3421 s,

387 3437 472 3504 Oum
494 3440 599 3505 verine
620 3440 850 3506 eontentionee
878 3446 914 3505 et
941 3439 1113 3506 discordie
1136 3460 1233 3526 super
1256 3437 1395 3503 diversis
1410 3431 1481 3477 ¹²⁶¹·

343 3540 582 3622 exactionibus,
606 3542 856 3627 quaestionibus,
877 3547 913 3608 et
944 3541 1085 3628 querelis
1115 3541 1241 3607 dudum
1270 3539 1395 3606 habitae
1407 3534 1532 3585 W⁰¹¹³V⁶

343 3642 412 3707 sint
442 3642 532 3709 inter
565 3666 626 3710 nos
658 3666 701 3711 ex
728 3666 798 3709 une
826 3648 930 3731 perte,
955 3649 990 3710 et
1021 3642 1191 3712 Simonem
1216 3643 1256 3708 de
1281 3643 1395 3708 Monte
1408 3603 1536 3719 ffioquq

344 3743 447 3823 Forti,
481 3745 635 3812 tomitem
670 3746 877 3834 Ieyoestriae,
910 3752 945 3813 et
967 3746 1160 3813 Alienorum
1195 3745 1395 3813 eomitissem
1408 3735 1554 3813 eserenon

345 3844 550 3932 Leyoeetriae,
581 3869 725 3914 sororem
754 3854 912 3929 nostram,
943 3870 985 3914 ex
1016 3849 1129 3928 ultera,
1156 3848 1292 3915 tundem
1326 3852 1394 3913 tum
1408 3800 1524 3919 {iiiiii

343 3969 404 4014 nos
426 3970 527 4035 quem
549 3950 700 4037 predieu
730 3972 837 4018 eomes
870 3956 906 4018 et
932 3950 1098 4018 eomitissa
1123 3973 1222 4038 super
1245 3948 1397 4016 omnibus
1409 3932 1564 4051 ffiffiff

344 4052 620 4133 contentionibus,
644 4054 892 4139 quaestionibus,
916 4059 951 4120 et
981 4054 1122 4141 querelis
1156 4052 1323 4141 preediotis
1354 4070 1397 4115 ex
1410 4066 1542 4146 noemin

344 4174 549 4241 quocumque
580 4177 680 4221 oense
713 4157 803 4222 inter
840 4179 900 4222 nos
933 4157 1057 4223 habitis
1095 4178 1198 4244 usqne
1232 4155 1275 4220 nd
1309 4152 1398 4220 diem
1409 4136 1522 4186 mmm

344 4254 464 4321 Mortis
486 4257 640 4345 proxime
660 4262 737 4345 post
759 4259 881 4325 festum
902 4258 1128 4347 apostolorum
1146 4257 1236 4323 Petri
1252 4262 1287 4323 et
1302 4256 1398 4323 Pauli

344 4378 441 4436 enno,
464 4363 524 4424 eto
547 4358 798 4447 quadragesimo
829 4362 949 4448 quinto
972 4361 1202 4449 supposuimus
1225 4381 1285 4425 noe
1307 4360 1396 4425 dioto

345 4464 488 4545 quatuor
525 4461 794 4549 subscriptorum,
828 4463 983 4530 videlieet
1020 4463 1166 4549 Philippi
1201 4462 1317 4528 Bsseet
1362 4466 1397 4527 et

345 4560 508 4629 Johennie
532 4562 659 4629 Mansel
683 4566 880 4631 thesaurarii
902 4566 1127 4645 Eborooensis,
1151 4584 1232 4652 quos
1267 4564 1310 4629 ad
1335 4565 1397 4629 hoo

345 4685 402 4751 pro
425 4670 521 4752 perte
543 4672 658 4733 nostre
680 4666 846 4757 elegimus,
861 4674 896 4735 et
918 4668 1115 4735 venerabilis
1137 4667 1241 4755 petris
1256 4666 1398 4733 Wolteri

347 4766 573 4855 Wigornensis
607 4770 751 4857 episeopi
784 4776 820 4837 et
849 4769 940 4837 Petri
970 4772 1011 4836 de
1042 4770 1157 4839 Monte
1188 4770 1293 4853 Forti,
1317 4790 1399 4856 quos
