3609 5800
410 836 674 927 mnusmsmvn
693 876 738 925 os
759 876 829 927 ms
852 878 959 929 umus
983 880 1028 929 os
1051 880 1172 931 numu
1197 882 1245 934 111.
1356 874 1376 935 3

319 1051 486 1117 Novimus
507 1072 587 1119 vero
609 1054 645 1117 et
673 1050 815 1117 firmiter
836 1052 1008 1131 oredimus,
1030 1054 1120 1139 quod
1150 1074 1270 1143 magna
1302 1078 1377 1143 pars

317 1154 495 1240 proborum
511 1154 682 1220 bominum
704 1158 740 1220 et
761 1154 934 1221 meliorum
950 1156 1159 1244 Bmdegelias
1180 1164 1240 1235 eet,
1256 1158 1376 1245 quibus

318 1256 480 1323 discordia
500 1258 590 1323 inter
611 1257 739 1323 dictum
761 1258 975 1323 senescallum
998 1268 1146 1324 vestrum
1162 1270 1196 1325 et
1218 1261 1375 1345 majorem

318 1365 536 1426 memoratum
559 1360 692 1446 penitus
715 1360 886 1446 displicet;
911 1382 970 1426 neo
993 1361 1102 1448 placet
1130 1362 1228 1427 alicui
1251 1384 1373 1443 eorum,

318 1461 381 1527 nisi
405 1467 537 1528 tantum
560 1463 650 1529 dioto
664 1462 781 1547 majori
802 1466 837 1528 et
859 1463 1016 1530 consociis
1039 1464 1158 1532 suiset
1179 1464 1374 1533 fautoribus.

318 1564 427 1645 Quare
449 1565 575 1652 regiam
604 1565 812 1651 majestatem
848 1570 994 1631 vestram
1026 1566 1182 1633 duximus
1211 1570 1375 1636 attentius

316 1668 527 1745 exorandam,
549 1668 656 1733 modis
680 1668 833 1733 omnibus
857 1668 979 1754 quibus
1003 1692 1184 1757 possumus,
1210 1676 1373 1758 quatenus

316 1772 544 1837 consiliumet
566 1770 730 1836 auxilium
745 1776 892 1837 vestrum
916 1794 1014 1859 super
1036 1772 1096 1839 boc
1118 1774 1237 1840 festine
1259 1776 1373 1863 digne·

315 1873 400 1937 mini
435 1873 599 1949 adhibere,
634 1878 673 1938 ut
704 1878 815 1939 vestro
853 1874 949 1940 cedat
987 1896 1115 1963 semper
1144 1878 1314 1943 commodo
1338 1885 1373 1945 ot

314 1975 442 2057 honori,
464 1982 500 2043 et
530 1976 617 2063 quod
650 1976 758 2041 diutiss
791 1975 896 2062 major
926 1977 1132 2065 Burdegaliae
1163 2000 1223 2045 nec
1256 1980 1315 2045 olii
1336 1982 1373 2047 in

316 2078 443 2144 dictum
465 2079 679 2144 senescallum
700 2082 859 2158 vestrum,
883 2100 944 2145 neo
966 2079 1078 2160 elium,
1094 2087 1297 2167 praesument
1319 2084 1373 2149 vel

316 2181 463 2246 audeant
484 2179 567 2247 talia
590 2180 631 2246 de
654 2184 761 2246 cetero
784 2188 995 2267 perpetrore3
1020 2184 1128 2268 ipsum
1151 2183 1240 2249 enim
1267 2206 1371 2251 senes-

316 2284 435 2349 callum
450 2289 599 2350 vestrum
615 2283 735 2348 scimus
750 2283 982 2349 indubitanter
999 2284 1114 2350 utilem
1137 2290 1235 2352 eerrae
1251 2292 1371 2355 vestrae

317 2385 499 2451 Wasoouiae
531 2390 565 2452 et
599 2386 797 2472 promotioni
831 2394 951 2451 vestrae
974 2387 1116 2453 fideliter
1146 2386 1371 2472 desudantem,

315 2488 409 2573 cujus
430 2488 604 2575 probatam
626 2487 822 2555 fidelitatem
838 2488 1057 2555 dominationi
1072 2496 1189 2556 vestrae
1204 2492 1372 2559 reddimus

315 2590 459 2656 fideliter
495 2596 530 2656 et
570 2590 756 2677 specialiter
792 2592 1062 2659 commendatam.
1125 2592 1244 2659 Veleat
1282 2596 1372 2681 regia

317 2700 428 2758 vestra
453 2694 656 2780 magnitudo.

741 3227 944 3294 OCUOXIV.

376 3409 543 3476 Wmmsu
566 3427 610 3476 os
634 3410 766 3476 Cissim
788 3410 939 3475 Cnoson
963 3427 1006 3474 το
1031 3410 1163 3490 Reuss,
1187 3410 1319 3474 Bienos

516 3529 560 3579 ou
583 3514 807 3579 Ousoussmn
827 3529 902 3578 uun
926 3513 1168 3580 onuucnmos.

660 3661 756 3730 (Roysl
767 3661 875 3724 Letters,
886 3661 936 3713 No.
949 3663 1020 3725 776.)

361 3792 552 3859 Reverendo
587 3791 722 3858 domino
756 3795 790 3856 et
827 3787 916 3878 patri
951 3789 987 3854 in
1022 3787 1155 3855 Christo
1193 3789 1368 3870 carissimo,
1380 3799 1470 3854 About
1478 3803 1536 3855 oet.

311 3897 448 3963 domino
479 3894 694 3982 It[edulph0],
728 3893 793 3958 Dei
824 3893 935 3980 gratia
971 3891 1178 3978 Cycestrensi
1209 3891 1367 3982 episeopo,
1382 3871 1462 3918 ¹²³⁰'¹

310 3999 441 4064 domini
465 3998 552 4085 regis
585 3996 785 4074 cancellario,
817 4018 898 4062 suus
928 3993 1142 4088 W[illelmus]
1175 3995 1216 4060 de
1244 3996 1368 4062 Christi

310 4101 467 4177 Ecclesia,
488 4101 629 4166 salutem
650 4105 687 4165 et
709 4122 743 4164 se
766 4099 926 4166 devotum
949 4121 1024 4166 cum
1047 4099 1136 4162 omni
1159 4100 1349 4165 reverentia.

358 4203 501 4269 Noverit
522 4203 705 4291 patemitss
726 4205 839 4268 vestra
861 4203 950 4288 quod
973 4200 1122 4266 dedimus
1144 4201 1181 4264 in
1200 4201 1366 4267 mandatis
1378 4217 1527 4271 wlatisto

308 4306 445 4374 ballivis
476 4306 517 4371 de
550 4305 658 4384 Buelt,
691 4309 730 4368 ut
762 4305 860 4369 nobis
892 4303 1116 4390 significarent
1149 4301 1178 4368 si
1209 4286 1484 4403 Madocusffgofflne

307 4409 465 4476 Veochan
487 4408 530 4472 sd
552 4391 664 4494 partes
687 4407 857 4472 Breconise
880 4407 983 4472 vellet
1012 4406 1162 4472 accedere
1186 4411 1220 4471 et
1241 4406 1365 4472 ibidem
1378 4419 1470 4470 Midou

305 4535 438 4581 morem
462 4513 577 4588 fecere,
591 4510 770 4575 secuudum
793 4509 931 4576 formam
956 4510 1118 4575 intervos
1141 4514 1175 4574 ct
1191 4509 1365 4574 Leulinum
1378 4484 1522 4552 ΜΒΝ

650 4725 663 4728 -
674 4723 751 4730 --ι-
761 4719 1025 4728 .—-......-——--.--.-
1034 4719 1074 4724 ...-
1094 4718 1167 4724 ...--

522 4847 528 4875 ¹
548 4846 594 4896 See
606 4847 663 4897 Rot.
677 4846 731 4896 Pet.
747 4851 775 4896 14
789 4845 856 4895 Heu.
867 4844 926 4902 ΠΙ..
938 4851 994 4908 pert
1009 4849 1029 4904 Ι,
1041 4843 1130 4892 memb.
1144 4849 1166 4892 3.

1165 4935 1187 4985 Δ
1212 4924 1231 4984 2
