3609 5800
456 853 706 914 IaaUs'rRA'rIt'a
728 865 772 915 OF
795 865 864 914 ’11111
887 865 996 916 amca
1019 867 1064 916 OF
1086 867 1206 918 aaran
1229 869 1278 918 111.
1335 857 1397 920 181

346 1061 447 1125 quam
462 1038 550 1105 idem
565 1041 744 1106 vicecomes
758 1039 865 1106 literis
879 1041 999 1108 vestris
1014 1046 1179 1128 receperat
1199 1047 1239 1107 ut
1262 1053 1401 1110 cessaret

349 1166 369 1206 a
394 1141 524 1207 damnis
548 1148 583 1207 et
607 1143 776 1208 maleficiis
802 1143 989 1223 eorundem,
1004 1148 1040 1209 et
1066 1143 1167 1209 etiam
1182 1149 1257 1230 post
1279 1145 1401 1210 inhibi-

349 1243 474 1310 tionem
489 1244 554 1309 sibi
568 1244 690 1311 factam
705 1265 802 1332 super
816 1245 878 1310 hoc
899 1267 921 1310 a
939 1245 1026 1312 dicto
1041 1245 1175 1311 domino
1198 1244 1398 1334 B[emerdo]

349 1347 389 1410 de
419 1347 619 1425 Cardaliuco‚
643 1353 724 1413 tnnc
746 1347 891 1413 vestro
881 1368 918 1412 1n
946 1347 990 1413 ist
991 1349 1019 1412 is
1045 1348 1197 1434 partibus
1216 1349 1401 1431 senescallo,

348 1454 383 1514 et
423 1455 598 1536 postquam
631 1450 783 1537 quaedam
826 1450 983 1516 securitas
1029 1456 1064 1516 et
1104 1450 1271 1516 ordinatio
1312 1451 1401 1518 inter

348 1552 478 1617 eosdem
500 1551 678 1638 burgenses
704 1558 740 1618 01
767 1553 892 1618 dictum
913 1553 1140 1618 vicecomitem
1169 1552 1256 1618 inita
1282 1552 1399 1631 fuerat,

347 1660 382 1718 ct
411 1654 588 1719 eorundem
618 1653 788 1720 consulum
815 1659 850 1720 et
883 1654 965 1720 dicti
988 1653 1189 1720 vicecomitis
1210 1654 1400 1740 juramento

347 1758 488 1836 firmata,
513 1761 612 1843 prout
638 1757 675 1820 in
691 1757 887 1842 quibusdam
903 1756 1018 1835 literis,
1044 1755 1159 1843 sigillis
1185 1755 1290 1844 ipsius
1313 1756 1399 1822 vicc-

347 1859 476 1924 comitis
506 1865 540 1924 01
570 1859 740 1924 consulum
770 1859 852 1925 dicti
882 1860 981 1923 castri
1005 1863 1039 1924 et
1069 1857 1266 1924 venerabilis
1297 1859 1400 1944 patris

345 1961 488 2047 episcopi
513 1961 762 2040 Lemovieensis,
778 1965 813 2026 et
841 1962 1047 2047 quorundam
1074 1959 1214 2026 aliorum
1237 1961 1400 2048 sigillatis,

347 2063 388 2128 dc
417 2064 574 2148 praedicta
605 2063 812 2127 ordinatione
843 2063 997 2128 confectis
1036 2063 1163 2148 plenius
1202 2063 1397 2130 continetur.

349 2165 430 2245 Quae
446 2165 576 2251 quidem
601 2165 707 2232 literae
724 2171 874 2252 exparte
900 2165 1063 2230 dictorum
1079 2165 1248 2231 consulum
1263 2163 1399 2231 fuerunt

347 2268 506 2334 exhibitae
537 2290 646 2334 coram
676 2268 777 2348 vobis,
802 2271 836 2333 et
867 2267 969 2334 etiam
1000 2273 1180 2353 antequam
1211 2268 1253 2332 ad
1287 2273 1399 2353 partes

347 2371 427 2436 istas
449 2393 510 2436 nos
533 2369 771 2446 accesserimus,
801 2375 835 2436 01
857 2375 1032 2455 antequam
1066 2369 1155 2434 dicta
1184 2368 1341 2433 securitas
1365 2373 1399 2434 et

347 2472 512 2538 0111111110
526 2471 612 2537 inita
634 2472 734 2538 fuerit
758 2477 793 2536 et
816 2472 956 2536 firmata.
1004 2469 1085 2550 Quae
1101 2470 1222 2535 damna
1245 2469 1399 2535 dicebant

347 2575 410 2639 sibi
434 2574 534 2639 fuisse
560 2574 654 2640 illata
680 2575 715 2638 in
741 2572 908 2638 ductione
930 2577 965 2636 et
987 2572 1212 2636 combustione
1227 2570 1398 2636 domorum

347 2681 381 2741 01
404 2675 606 2762 reperiorum
632 2695 775 2755 suorum,
792 2675 828 2740 in
852 2673 1002 2760 captione
1027 2679 1061 2738 et
1087 2673 1311 2760 redemptione
1326 2695 1399 2738 suo-

347 2801 420 2842 rum
444 2782 479 2841 01
503 2775 673 2842 hominum
696 2776 778 2842 dicti
797 2777 896 2841 castri
923 2781 958 2840 et
972 2774 1203 2841 interfectione
1218 2774 1398 2840 multorum

348 2881 388 2947 de
417 2879 606 2945 hominibus
636 2879 716 2946 dicti
746 2879 853 2959 castri,
878 2900 1018 2965 quorum
1050 2876 1173 2943 multos
1195 2876 1284 2943 idem
1309 2877 1398 2945 vicc-

348 3006 453 3048 comes
476 2987 636 3068 tanquam
651 2981 735 3047 viles
759 2982 905 3047 latrones
928 2981 1083 3067 suspendi
1099 2984 1133 3044 et
1152 2980 1274 3045 multos
1297 2980 1399 3046 inter-

347 3084 401 3149 1101
425 3085 557 3161 fecerat,
579 3090 614 3150 et
636 3083 718 3148 alias
747 3083 794 3149 eis
824 3082 984 3149 intulerat
1013 3081 1120 3147 multa
1150 3080 1279 3160 damna,
1311 3084 1398 3167 quod

347 3188 480 3273 longum
506 3192 591 3251 esset
614 3191 649 3251 ct
671 3184 858 3250 inauditum
882 3206 942 3273 per
957 3183 1089 3271 singula
1104 3204 1264 3249 enarrare.
1312 3184 1399 3249 Prae-

350 3296 445 3367 terea,
477 3289 564 3375 quod
595 3287 691 3352 valde
725 3287 899 3353 molestum
939 3292 997 3365 cst,
1029 3286 1138 3372 ipsum
1170 3290 1313 3350 castrum
1348 3286 1399 3351 ita

348 3396 460 3455 teneat
484 3391 651 3455 obsessum
674 3390 761 3474 quod
786 3388 929 3465 bladum,
945 3387 1071 3463 vinum,
1094 3387 1186 3474 ligna
1208 3386 1263 3451 vel
1286 3386 1399 3473 aliqua

349 3492 560 3558 mercimonia
588 3492 653 3556 alia
683 3491 727 3555 ad
756 3490 864 3577 ipsum
894 3493 1037 3555 castrum
1061 3511 1131 3553 non
1156 3494 1310 3575 poterant
1341 3512 1398 3577 ap·

348 3596 480 3682 portari.
540 3594 647 3681 Super
684 3592 805 3680 quibus
847 3592 975 3657 damnis
1013 3597 1114 3679 atquc
1149 3592 1398 3679 gravaminibus

349 3698 412 3784 ipsi
442 3698 587 3763 consules
614 3702 648 3762 et
678 3702 751 3762 tota
780 3696 980 3761 universitas
1011 3694 1092 3761 dicti
1119 3694 1217 3759 castri
1247 3716 1305 3781 per
1335 3716 1396 3761 nos

345 3801 512 3885 justitiam
539 3799 603 3865 sibi
634 3800 706 3865 fieri
728 3820 804 3882 cum
828 3798 918 3864 omni
947 3818 1013 3883 qua
1034 3800 1216 3885 potuerunt
1237 3797 1398 3863 instantia

349 3901 581 3989 supplicarunt,
612 3901 785 3967 offerentes
830 3922 865 3965 se
914 3905 1045 3986 paratos
1083 3898 1223 3963 existere
1260 3897 1397 3983 praefato

349 4006 533 4069 vicecomiti
562 4026 659 4092 super
684 4002 836 4069 omnibus
861 4023 1074 4088 quaecumque
1095 3999 1195 4065 vellet
1220 4004 1330 4085 petere
1353 3998 1396 4064 ab

349 4107 470 4171 eisdem
485 4106 615 4193 plenam
626 4106 795 4191 justitiam
819 4105 924 4169 facere
948 4124 1056 4169 coram
1079 4102 1181 4167 nobis.
1229 4100 1397 4165 Dixerunt

348 4210 482 4294 insuper
511 4208 598 4294 quod
627 4209 690 4293 ipsi
720 4213 801 4273 sunt
831 4206 934 4272 vestri
965 4211 999 4270 et
1027 4206 1063 4269 in
1093 4209 1204 4268 vestra
1234 4201 1396 4267 fidelitate

349 4312 508 4386 existunt,
529 4317 563 4377 et
595 4311 682 4397 quod
709 4310 811 4375 alium
836 4329 1022 4395 quenquam
1049 4327 1116 4370 non
1143 4303 1266 4369 habent
1293 4303 1397 4368 domi-

349 4436 438 4493 num,
469 4418 505 4477 et
533 4413 628 4477 vobis
666 4435 774 4477 corom
811 4411 908 4476 nobis
939 4415 973 4475 01
1010 4408 1113 4475 ctiam
1143 4428 1251 4473 coram
1282 4406 1395 4471 eodem

349 4516 539 4580 vicecomite
564 4537 598 4579 sc
621 4516 793 4593 advocant,
824 4520 858 4579 et
882 4513 966 4577 nulli
992 4512 1049 4577 alii
1075 4532 1110 4575 se
1139 4510 1301 4575 advocant
1331 4508 1395 4573 nisi

351 4618 453 4696 vobis,
469 4640 530 4683 nec
545 4618 646 4683 alium
662 4618 727 4683 nisi
742 4640 800 4683 vos
815 4618 941 4682 habent
956 4613 1135 4693 dominum,
1150 4617 1250 4699 prout
1273 4611 1395 4677 dicunt.
