3609 5800
407 878 472 950 174
550 895 665 946 somn
688 894 762 946 auu
786 897 903 947 orum
926 897 1134 950 ursmnmun
1158 898 1316 950 aurnuns.

238 1073 286 1125 We
297 1090 340 1125 are
452 1067 622 1135 Noveritis
645 1070 734 1154 quod
748 1069 903 1136 voluntas
919 1070 1046 1140 domini
1068 1072 1173 1138 nostri
1188 1071 1275 1159 regis
1290 1077 1325 1138 et
1346 1075 1462 1138 nostra

236 1155 346 1258 {²13⁰AEss
406 1174 458 1236 est
479 1192 540 1238 nos
562 1170 716 1257 expedire
739 1172 780 1237 de
802 1173 1044 1259 compromisso,
1069 1173 1186 1260 [inter]
1209 1195 1269 1240 vos
1299 1177 1334 1240 et
1357 1173 1461 1240 domi-

236 1289 350 1352 ⁰⁰3¹¹P²⁰·
405 1291 486 1338 num
511 1271 689 1358 Symouem
721 1272 763 1341 de
786 1274 902 1342 Monte
926 1275 1023 1346 Foru
1056 1276 1201 1363 sumiti]
1233 1276 1460 1364 Leyuustrenei

236 1342 381 1472 ἷῗξῃῦζᾎῃ
406 1375 443 1442 iu
465 1397 525 1442 uos
539 1375 636 1444 fautu.
681 1374 727 1445 Et
750 1377 994 1467 abhorrebis
1017 1379 1105 1445 diem
1128 1379 1343 1466 assignamus,
1359 1379 1458 1446 etiam

235 1475 288 1588 23¹3
297 1473 340 1588 ἐξ
407 1475 497 1544 dioto
519 1477 632 1546 comiti
647 1478 844 1546 mandantes
859 1480 957 1565 quod,
972 1480 1058 1546 inira
1073 1481 1289 1548 Pentaoosten
1311 1481 1460 1568 proxime

235 1605 362 1656 stim„
406 1578 588 1648 instantem
610 1581 665 1648 vel
697 1580 785 1646 infra
819 1582 962 1660 octabas,
984 1583 1202 1670 compareatis
1236 1604 1344 1651 soram
1367 1583 1461 1650 nobis

236 1671 369 1789 {meite
405 1701 464 1767 per
485 1703 545 1748 vos
567 1682 622 1749 val
645 1704 703 1769 per
724 1683 898 1750 sollemnes
930 1685 1067 1752 nuntios
1089 1686 1132 1754 ad
1154 1686 1395 1772 proadendum
1419 1686 1459 1752 de

236 1805 351 1856 romara.
405 1785 637 1870 compromisso
669 1786 866 1872 supradicto,
902 1791 937 1853 st
968 1787 1012 1852 ad
1043 1789 1225 1856 cavendum
1263 1787 1325 1856 sub
1362 1809 1461 1875 poena

404 1892 493 1952 uerte
527 1887 568 1952 de
601 1886 806 1954 observando
837 1890 1071 1976 compromisso
1108 1889 1305 1977 supradicto.
1352 1889 1398 1956 Et
1431 1891 1460 1955 si

404 1987 578 2074 contingat
601 2040 1229 2060 .....................
1248 2013 1317 2058 nun
1337 1993 1458 2072 venire,

403 2092 450 2157 sie
483 2089 572 2178 ipsos
606 2091 792 2170 instruatis,
826 2093 915 2180 quod
946 2094 1210 2180 possintffaoeoe
1242 2094 1354 2162 omnia
1384 2117 1459 2180 quae

403 2192 896 2280 faoeremsipraesenseuais
912 2247 1259 2263 ............
1274 2217 1332 2284 per
1346 2196 1459 2264 literas

402 2302 531 2362 vestras
560 2295 614 2361 vel
647 2296 714 2362 alio
746 2297 855 2376 modo,
885 2298 947 2364 sub
980 2303 1076 2364 tanta
1108 2320 1216 2386 poena,
1239 2298 1300 2366 sub
1335 2303 1460 2385 quauta

403 2398 499 2464 nobis
532 2398 643 2464 visum
680 2399 781 2469 fixerit
818 2401 981 2488 expedire.
1039 2401 1189 2489 Expedit
1221 2401 1309 2488 quod
1339 2422 1460 2488 magna

403 2523 501 2587 poenu
530 2507 724 2588 apponatur,
755 2503 836 2588 quia
865 2523 986 2590 magna
1016 2508 1095 2569 sunt
1128 2507 1163 2570 et
1193 2503 1297 2570 ardua
1326 2503 1460 2590 negotia

403 2625 480 2690 quae
512 2604 602 2672 inter
627 2625 687 2671 vos
709 2609 908 2687 tractantur,
931 2612 972 2671 ut
993 2605 1079 2670 nulli
1102 2606 1248 2693 partium
1271 2605 1369 2671 lineat
1395 2605 1458 2670 resi

427 2759 433 2771 .
458 2759 464 2771 .
489 2759 495 2770 .
523 2760 528 2770 .
549 2759 560 2798 .-
586 2757 933 2775 ............
948 2729 1048 2795 poena
1068 2729 1190 2795 ponere
1210 2707 1457 2795 compellantur.

715 2960 760 2969 uu-

902 3127 971 3195 DL.

465 3261 641 3343 Rmnaan,
665 3260 765 3327 Krus
787 3277 832 3326 or
853 3278 924 3327 rur
947 3262 1103 3341 Romus
1125 3278 1168 3327 ro
1191 3260 1322 3329 Hnuar
1346 3259 1411 3324 111.

736 3395 832 3462 (Royal
844 3395 951 3458 Letterr,
963 3394 1012 3449 No.
1027 3396 1122 3461 l‚079.)

449 3508 624 3595 Magnifiao
647 3508 796 3595 principi,
818 3510 952 3574 domino
975 3514 1010 3575 et
1032 3509 1129 3576 fratri
1152 3508 1327 3586 carissima
1351 3507 1457 3593 H[en-

304 3635 310 3646 ·
402 3612 495 3700 rico],
512 3612 575 3677 Dei
597 3613 705 3699 gratia
727 3612 848 3678 illustri
871 3612 944 3699 regi
958 3612 1101 3699 Angliae,
1125 3612 1258 3677 domino
1276 3612 1457 3692 Hibernim,

404 3720 439 3778 et
469 3713 547 3778 duci
569 3714 771 3801 Aquitaniae,
796 3713 990 3801 R[icardus]
1024 3714 1138 3780 eadem
1162 3714 1270 3801 gratia
1293 3714 1458 3779 Romano-

403 3837 478 3880 rum
499 3837 569 3893 rex,
592 3838 720 3903 semper
741 3816 921 3903 Augustus,
946 3816 1088 3883 salutem
1123 3826 1157 3883 et
1179 3815 1335 3883 fraternae
1358 3816 1458 3881 dilee-

294 3927 298 3934 '
403 3917 506 3983 tionis
527 3940 654 4005 semper
675 3925 899 4005 augmentum.

236 4035 386 4088 Theaffairs
449 4021 556 4108 Super
586 4042 624 4086 eo
658 4020 746 4105 quod
780 4020 975 4087 axeellentia
997 4027 1108 4087 vestra
1141 4043 1201 4087 nos
1223 4020 1397 4107 requisivit
1419 4026 1458 4085 ut

236 4104 339 4154 (Μ’
405 4123 466 4188 hua
488 4122 542 4188 die
566 4121 704 4188 Veneris
726 4122 879 4208 proxima
893 4128 972 4189 ante
996 4122 1229 4189 Ascensionem
1243 4122 1381 4188 Domini
1403 4122 1457 4187 vel

235 4184 313 4235 many
323 4170 377 4219 will

235 4244 392 4306 preventmy
405 4225 440 4291 iu
462 4224 606 4292 crastino
638 4244 781 4290 esserum
815 4226 904 4312 apud
928 4225 1118 4315 (lippeham,
1146 4224 1316 4292 serenitati
1339 4228 1458 4292 vestrm

437 4541 514 4592 ¹The
532 4549 582 4592 two
600 4542 677 4603 dates,
688 4540 732 4591 the
749 4540 806 4592 tuh
824 4541 904 4593 indie-
956 4540 1108 4593 severiter
1129 4541 1292 4604 mennaei.
1309 4545 1398 4606 p883
1417 4540 1459 4592 Sir

404 4621 465 4684 tion,
477 4622 527 4671 and
538 4621 582 4671 the
593 4620 650 4671 fisth
661 4635 721 4685 year
733 4621 763 4669 of
777 4621 820 4671 the
831 4622 904 4686 reign
955 4620 989 4671 11.
1002 4620 1114 4679 Nicolaum
1127 4620 1291 4685 Chronology
1303 4619 1333 4668 of
1343 4618 1458 4683 Hirtam,

403 4699 626 4751 areineomistent
661 4699 744 4750 There
762 4714 810 4750 ean
828 4701 904 4751 beno
955 4704 1012 4765 pt.
1042 4698 1375 4764 Theerrorisrepeutediu
1388 4698 1459 4747 letter

404 4780 482 4830 doubt
492 4778 577 4831 vhieh
595 4786 622 4830 tu
639 4779 728 4844 prefer.
763 4778 811 4831 See
821 4780 905 4830 L’Art
955 4778 1079 4831 Dnvm.
