3609 5800
435 843 501 908 384
845 852 1024 903 srrsnnrx
1047 853 1082 902 11.

432 1029 546 1102 possint
571 1027 608 1084 ad
637 1045 689 1083 nos
720 1026 819 1082 venire
851 1027 881 1082 in
900 1025 1050 1096 angliam,
1079 1025 1199 1091 morari,
1219 1032 1251 1082 et
1276 1025 1359 1082 salvo
1379 1025 1487 1090 redire,

434 1114 511 1170 sicut
528 1113 701 1184 pradictum
720 1115 775 1176 est,
795 1115 826 1166 et
844 1109 923 1182 qaod
941 1127 993 1182 per
1011 1109 1170 1166 adventum
1183 1111 1275 1166 istum
1285 1127 1344 1166 non
1356 1111 1491 1168 trahatur

434 1199 464 1252 in
492 1195 733 1254 consuetudinem
759 1194 837 1266 quod
863 1195 907 1250 sio
932 1193 1058 1250 debeant
1085 1193 1122 1249 ad
1146 1212 1199 1250 nos
1230 1194 1332 1250 venire
1368 1195 1400 1250 in
1427 1194 1488 1250 An·

438 1281 539 1352 gliam.
588 1281 624 1336 In
648 1279 743 1350 cujus,
772 1285 840 1345 eto„
861 1279 1017 1334 duraturos
1042 1296 1137 1348 usque
1161 1279 1199 1334 ad
1224 1295 1379 1334 reversum
1402 1297 1489 1335 suum

434 1384 451 1422 a
477 1365 561 1422 nobis
586 1367 617 1420 in
635 1363 753 1436 Anglia.
802 1363 889 1420 'Peste
916 1381 987 1435 rege
1014 1363 1092 1436 apud
1117 1361 1287 1430 Dovoriam,
1314 1365 1416 1438 quinto
1440 1365 1489 1419 dio

433 1451 544 1506 Martii.

469 1535 531 1590 Rex
550 1533 638 1590 etiam
656 1533 735 1606 oepit
753 1533 784 1588 in
801 1533 1012 1604 protectionem
1031 1549 1116 1588 suam
1134 1550 1236 1588 omnes
1254 1538 1359 1598 terras,
1381 1538 1487 1596 castra,

432 1617 575 1684 redditus,
596 1623 626 1674 et
649 1634 750 1673 omnes
768 1616 970 1688 praesensiones
983 1615 1182 1686 praelatorum,
1196 1617 1349 1680 baronum,
1368 1633 1488 1687 magua-

433 1710 505 1767 tum‚
524 1701 638 1758 civium
652 1702 688 1757 dc
706 1706 787 1756 tens
804 1699 978 1764 Waeconiae,
1004 1705 1072 1764 etc..
1099 1699 1177 1756 sicat
1206 1701 1238 1755 in
1255 1717 1314 1756 uno
1336 1701 1420 1756 brevi
1450 1699 1488 1754 de

432 1787 620 1859 protectione.
656 1785 694 1840 111
718 1784 812 1854 cujus,
833 1789 898 1848 etc„
919 1782 1076 1839 duraturas
1103 1783 1195 1839 donec
1223 1784 1281 1856 ipsi
1308 1802 1326 1840 a
1351 1800 1423 1854 rega
1441 1801 1487 1842 re·

433 1871 542 1928 dierint
558 1871 589 1926 in
606 1868 801 1928 wasconiam.
838 1869 927 1924 Teste
945 1874 980 1923 ut
997 1885 1095 1940 supra.

894 2043 953 2102 No.
978 2045 1023 2102 15.

652 2147 723 2210 (aot.
736 2147 820 2200 Clsus.
833 2153 865 2198 oo
878 2147 945 2200 llcn
957 2146 1007 2198 ΠΙ
1018 2148 1112 2200 memb.
1123 2147 1174 2198 21
1167 2162 1195 2198 ιιι
1207 2148 1306 2211 dorso)

266 2251 347 2296 March
356 2256 388 2305 la
469 2248 517 2304 Ita
534 2248 670 2305 convenit
696 2249 774 2304 inter
800 2249 951 2305 dominum
975 2267 1079 2320 regem
1105 2256 1137 2306 et
1161 2248 1311 2304 dominum
1339 2249 1488 2305 Simonem

264 2306 407 2422 fflmsson
433 2333 469 2389 tle
499 2333 599 2389 Monte
628 2333 720 2396 Porti,
752 2333 888 2390 comitem
921 2333 1099 2399 Leicestriae,
1133 2333 1182 2388 die
1214 2333 1328 2390 sabbati
1355 2335 1488 2407 proxima

264 2427 369 2472 ιιιιιοιιι
378 2424 499 2490 saepest
517 2418 624 2472 festrrm
650 2415 680 2472 S
703 2416 850 2488 Gregorii,
871 2435 946 2474 anno
973 2419 1078 2489 gratiae
1104 2417 1262 2474 millesimo
1287 2419 1487 2474 ducentesimo

264 2477 397 2574 «ἓξὲξ,
433 2502 676 2575 quinquagesimo
700 2502 795 2574 primo
819 2503 897 2574 apud
922 2500 1226 2568 westmonasterium,
1245 2503 1385 2558 videlicet
1408 2503 1488 2574 quod

264 2578 510 2643 1⁴⁴⁵¹⁰¹l¹i⁴ffiidem
528 2603 625 2642 comes
642 2585 747 2641 reddet
770 2585 892 2658 praefato
919 2585 1037 2641 domino
1061 2587 1128 2658 regi
1151 2593 1248 2642 castra
1274 2587 1311 2642 (le
1341 2587 1485 2651 F'runsalc,

433 2670 620 2736 Castellione,
648 2669 792 2734 Gnrsonc,
826 2676 856 2725 ct
881 2669 973 2724 Podio
997 2669 1202 2724 ΝοιιιιιιιιιιιιιιΙ
1232 2670 1270 2725 ad
1293 2671 1487 2728 Pentecosten

432 2756 564 2826 proximo
588 2755 730 2818 futurum,
752 2753 878 2809 tenenda
898 2771 952 2826 per
972 2753 1122 2808 dominum
1141 2752 1319 2809 Nicholaum
1343 2754 1380 2810 de
1397 2755 1486 2810 Molis

433 2839 480 2895 vel
499 2837 661 2912 paralium
681 2855 769 2910 quem
794 2837 873 2892 idem
898 2836 1033 2892 (lominus
1058 2856 1111 2893 rex
1138 2837 1176 2892 ud
1200 2839 1255 2893 hoc
1280 2839 1485 2911 assignaverit.

434 2923 474 2979 Et
492 2923 650 2995 praedictus
669 2940 765 2979 comes
788 2922 1016 2994 diligentissime
1035 2928 1064 2979 et
1082 2922 1252 2977 fidelissime
1270 2922 1381 2995 inquiri
1400 2923 1488 2979 faciet

434 3008 509 3064 citra
538 3008 646 3063 festum
679 3006 895 3082 Assumptionis
925 3007 1019 3062 beutoe
1048 3006 1151 3061 Marias
1181 3006 1312 3078 proximo
1342 3008 1484 3073 futurum,

433 3109 487 3164 par
504 3090 628 3147 ballivos
647 3108 715 3147 suos
734 3096 764 3145 et
787 3090 860 3145 alios
880 3090 937 3145 fide
957 3090 1062 3162 dignos
1080 3090 1116 3144 de
1135 3096 1215 3147 terra
1232 3090 1394 3147 Wasconioe
1412 3110 1485 3164 quos

434 3173 512 3229 idem
539 3172 673 3229 dominus
708 3190 759 3227 rex
796 3172 914 3229 duxerit
942 3173 1103 3243 eligendos,
1137 3174 1252 3245 juratos
1289 3172 1326 3229 tle
1361 3176 1486 3232 veritate

434 3254 566 3319 dicenda,
595 3254 631 3309 de
658 3254 791 3310 omnibus
822 3255 950 3326 receptis
980 3261 1011 3309 et
1046 3254 1173 3309 exitibus
1212 3255 1362 3327 praedictas
1399 3262 1486 3313 terrve

434 3339 485 3411 qui
516 3356 632 3410 quoquo
662 3338 747 3393 modo
778 3344 976 3410 pervenerunt
1004 3336 1042 3392 ad
1068 3354 1172 3393 manus
1198 3338 1292 3409 ipsius
1322 3340 1438 3396 comitis
1468 3358 1487 3395 a

433 3430 563 3495 tempore
590 3439 649 3495 quo
674 3422 786 3494 recepit
803 3422 975 3493 proedictam
1000 3429 1110 3477 terram
1138 3440 1231 3493 usque
1258 3422 1295 3478 ad
1312 3422 1486 3495 praedictum

433 3509 542 3563 festum
559 3507 751 3563 Pentecostis.
789 3506 829 3561 Et
846 3504 949 3559 eodem
973 3504 1059 3560 modo
1078 3505 1243 3579 inquiratur
1260 3524 1313 3578 per
1331 3508 1486 3579 praedictos

433 3592 469 3647 de
488 3591 622 3645 omnibus
641 3590 724 3644 misia
745 3608 816 3661 qrras
837 3588 915 3643 idem
933 3607 1030 3645 comcs
1048 3590 1149 3661 posuit
1168 3606 1222 3662 pro
1239 3590 1419 3648 custodisset
1436 3592 1486 3647 de-

434 3674 563 3729 fensione
582 3672 730 3745 pradictus
749 3678 845 3736 turn,
866 3679 896 3727 ct
914 3690 968 3743 pro
986 3674 1119 3745 captione
1132 3678 1163 3729 ct
1179 3674 1312 3729 custodia
1323 3682 1486 3731 castrorum

433 3758 470 3815 dc
500 3776 575 3813 novo
606 3756 827 3828 acquisitorum,
848 3763 878 3811 ct
908 3774 1018 3826 guerra
1048 3776 1136 3827 (luam
1166 3757 1308 3814 sustinuit
1336 3760 1486 3814 occasione

433 3842 514 3897 illius
541 3840 694 3913 captionis,
723 3848 754 3895 et
780 3840 816 3893 dc
835 3840 919 3895 micis
938 3858 1011 3910 (liras
1037 3840 1136 3911 posuit
1163 3841 1194 3895 in
1212 3842 1429 3897 confirmatione
1457 3848 1486 3898 et

432 3926 616 3999 reparatione
658 3928 821 3980 castrorum
860 3924 947 3979 dicta
986 3930 1073 3979 ternu
1110 3942 1204 3994 usquo
1240 3923 1277 3979 ad
1311 3924 1486 3996 pradictum

432 4010 592 4067 terminum
608 4008 801 4072 Pentecostis,
816 4012 845 4063 et
863 4008 953 4064 etiam
972 4008 1051 4061 idem
1069 4024 1166 4072 comcs
1188 4008 1275 4064 tactis
1293 4011 1486 4065 sacrosanctis

430 4093 527 4165 jurari
553 4092 624 4149 lecit
653 4093 685 4147 in
709 4092 837 4147 animam
863 4109 947 4146 suam
973 4108 1071 4145 coram
1097 4092 1161 4163 ipso
1188 4092 1305 4147 domino
1335 4110 1407 4163 rege
1433 4112 1486 4165 per

432 4178 582 4233 dominum
595 4176 718 4231 Petrum
730 4174 766 4230 de
778 4174 878 4229 Monte
888 4174 972 4229 Forti
987 4174 1066 4245 qnod
1078 4175 1154 4229 scire
1163 4176 1250 4230 faciat
1262 4175 1357 4231 cidem
1370 4176 1487 4232 domino

431 4262 497 4332 regi
526 4261 682 4316 veritatem
713 4277 802 4331 snper
832 4258 1004 4331 praemissis.
1052 4257 1100 4314 Ita
1130 4259 1208 4331 quod
1238 4259 1263 4313 si
1290 4259 1377 4315 dictas
1403 4260 1487 4316 misse

432 4348 524 4420 ipsius
555 4346 670 4403 comitis
708 4343 847 4399 excedant
878 4360 1023 4398 summam
1053 4342 1259 4414 praedictorum
1289 4344 1421 4401 exituum
1456 4353 1487 4403 et

430 4438 565 4504 recepta,
579 4430 659 4485 idem
677 4427 813 4483 dominns
826 4444 878 4481 rex
895 4426 1080 4482 conservabit
1096 4425 1271 4498 praedictum
1288 4428 1425 4484 comitem
1444 4430 1487 4485 in·

431 4515 565 4571 damnem
591 4530 679 4586 snper
705 4512 792 4567 dictis
817 4510 901 4566 misia
932 4511 969 4566 ad
993 4510 1105 4565 dictum
1136 4510 1246 4566 domini
1271 4510 1330 4577 W.,
1356 4512 1486 4584 episcopi

432 4599 665 4673 Wygorniensis,
706 4594 850 4714 Willelmi
887 4596 923 4649 de
954 4594 1105 4659 valencia,
1138 4595 1220 4650 Petri
1256 4594 1292 4650 de
1330 4594 1486 4661 Sabaudia,

931 4706 980 4711 -—
992 4704 1054 4711 ...—
1068 4706 1088 4710 .-
1208 4706 1292 4712 .-—--
1324 4706 1398 4713 ...nfi-

765 4756 772 4787 ¹
749 4706 968 4822 Numana]
987 4744 1084 4808 Nom.
1097 4706 1179 4803 MS..-
