3609 5800
452 830 494 893 56
598 840 711 893 uorsa
733 840 806 892 aaa
829 840 945 891 ornas
967 838 1176 891 msroarcaa
1198 838 1354 889 amaras.

876 1112 1077 1181 GCOOLIX.

672 1251 802 1319 Hasnr
826 1244 893 1318 ΙΙΙ.
917 1266 962 1316 ro
985 1248 1125 1315 Roaasr
1147 1249 1277 1314 Dacna

726 1386 799 1450 (aot.
810 1384 867 1436 Pat
879 1390 914 1435 34
926 1384 994 1436 Hen.
1005 1383 1065 1445 111„
1076 1384 1168 1435 memb.
1180 1385 1218 1448 8.)

283 1511 345 1561 Dee.
358 1516 399 1572 aa,
497 1502 571 1567 Rex
594 1500 738 1565 Roberto
761 1500 802 1565 de
826 1497 939 1577 Dacrc,
961 1498 1110 1564 salutem.

286 1583 407 1709 {mma
498 1602 696 1668 Mandemus
744 1600 840 1667 vobis
877 1600 966 1688 quod
1004 1600 1045 1667 ds
1082 1584 1197 1686 primis
1233 1598 1377 1663 denariis
1422 1619 1503 1685 quos

284 1727 405 1788 proceeds
415 1705 613 1793 ofrecepturi
646 1703 726 1769 estis
759 1703 800 1768 de
833 1689 1026 1769 venditione
1059 1700 1214 1767 vinorum
1235 1705 1423 1765 nostrorum
1445 1722 1504 1787 per

283 1792 430 1908 222⁸&ng
453 1808 609 1895 Angliam
632 1806 752 1872 habere
766 1804 895 1870 faciatis
910 1803 1055 1870 Radulfo
1077 1803 1118 1869 de
1132 1801 1307 1889 Havering
1328 1802 1503 1869 senescallo

285 1923 379 2039 {1}stss
391 1925 441 1974 sor·
452 1909 596 1975 Simonis
625 1908 666 1973 de
697 1907 813 1973 Monte
836 1906 939 1985 Forti,
969 1904 1099 1971 comitis
1138 1904 1335 1985 Leioestriae,
1369 1910 1502 1969 centum

293 2006 295 2010 '
325 2005 408 2040 (ΞΗΟΠ

285 2055 438 2123 offiawny.
451 2012 560 2088 libras,
584 2008 778 2075 deferendas
812 2008 972 2095 prmdicto
1004 2006 1118 2072 comiti
1152 2007 1189 2071 in
1220 2006 1437 2083 Wasooniam,
1459 2006 1502 2071 ad

450 2113 651 2178 firmandum
680 2110 758 2176 inde
789 2115 913 2175 terram
936 2108 1120 2174 Wssconiae
1146 2112 1182 2173 ct
1203 2106 1247 2172 ad
1268 2107 1445 2173 tuitionem
1468 2115 1503 2173 et

452 2215 674 2282 defensionem
712 2212 858 2299 ejusdem
899 2215 1005 2277 terrae.
1066 2210 1109 2275 ln
1147 2208 1249 2295 cujus,
1285 2213 1344 2275 etc
1405 2209 1502 2276 Teste

450 2340 526 2406 rege
548 2318 637 2405 apud
652 2315 866 2393 Wintoniam,
882 2313 1040 2381 vicesimo
1062 2313 1202 2399 septimo
1222 2310 1276 2377 die
1292 2310 1501 2383 Decembris.¹

1152 2527 1201 2535 α-α

887 2681 1068 2750 OOOOLX.

526 2820 654 2884 Harar
679 2818 743 2884 ΙΙΙ.
767 2835 807 2884 ro
830 2818 945 2884 Sruor
967 2832 1014 2881 me
1036 2816 1240 2897 Mourroar,
1264 2814 1362 2880 Euat
1384 2832 1428 2881 oa

877 2919 1076 2984 anmaas

737 3054 807 3116 (ltot.
819 3053 874 3102 Pat
888 3057 920 3101 34
932 3052 996 3104 Ilen.
1008 3051 1067 3110 111„
1078 3052 1170 3103 memb.
1183 3054 1225 3117 8.)

283 3177 397 3238 necas,
497 3158 571 3222 Rex
602 3155 721 3222 dilecto
751 3162 786 3221 et
816 3155 907 3222 fideli
937 3175 997 3220 suo
1028 3154 1156 3220 Simoni
1183 3155 1224 3219 de
1256 3154 1373 3221 Monte
1396 3154 1500 3232 Fora,

286 3247 357 3293 ¹²⁴⁹·
451 3258 565 3324 comiti
588 3257 782 3334 leicestriae,
805 3257 952 3322 salutem.

282 3386 407 3438 svatava
496 3360 616 3428 Sciatis
638 3359 727 3446 quod
749 3359 917 3424 Amaldus
940 3357 1041 3445 Segia
1064 3357 1105 3424 dc
1128 3357 1237 3424 Hasta
1258 3358 1353 3423 venit
1375 3356 1419 3422 ad
1441 3377 1502 3422 nos

283 3453 409 3516 perdonet
450 3461 504 3528 die
526 3461 560 3527 S.
586 3462 696 3528 Luciae
718 3461 857 3549 virginis
879 3462 969 3548 apud
984 3459 1180 3542 Clarendon,
1195 3459 1367 3525 humiliter
1387 3464 1502 3546 petens
1614 3543 1617 3546 ⁴

283 3521 382 3650 iffi}
449 3565 582 3630 veniam
616 3565 658 3629 dc
689 3585 727 3630 oo
762 3564 850 3649 quod
883 3563 994 3628 astitit
1016 3555 1155 3628 Gestoni
1189 3563 1230 3628 de
1253 3562 1367 3649 Byarn
1388 3562 1502 3629 favore

451 3670 485 3731 et
529 3665 664 3740 auxilio,
701 3665 738 3728 in
775 3686 894 3751 guerra
937 3669 1029 3729 mota
1065 3665 1155 3731 inter
1192 3686 1252 3729 nos
1289 3667 1324 3730 et
1361 3663 1501 3730 eundem

451 3769 653 3844 Gaatonem3
683 3770 717 3830 et
749 3765 836 3851 quod
866 3785 927 3829 noa
949 3765 1130 3851 recepimus
1152 3766 1292 3831 eundem
1315 3766 1500 3832 Arnaldum

450 3868 487 3933 in
508 3867 651 3955 gratiam
672 3870 829 3942 nostram,
845 3869 880 3930 et
901 3865 1087 3930 remisimus
1111 3866 1217 3932 eidem
1239 3867 1501 3955 indignationem

450 3969 554 4035 animi
584 3967 699 4034 nostri.
745 3967 792 4032 Et
821 3967 909 4032 idem
932 3966 1098 4033 Amaldus
1115 3968 1253 4054 juravit,
1276 3971 1374 4035 tactis
1395 3993 1503 4037 sacro·

449 4071 572 4138 sanctis
604 4068 789 4156 evangeliis,
813 4069 903 4154 quod
924 4089 1095 4154 nunquam
1125 4092 1183 4156 per
1208 4093 1243 4136 se
1265 4072 1319 4138 vel
1341 4095 1401 4160 per
1421 4073 1502 4139 alios

449 4193 601 4260 guerram
640 4169 786 4238 movebit
820 4177 935 4235 contra
968 4192 1028 4236 nos
1062 4172 1116 4236 vel
1150 4177 1266 4238 contra
1295 4173 1502 4241 Edwardum

449 4277 555 4340 filium
586 4280 736 4341 nostrum
766 4271 1025 4359 primogenitum
1055 4295 1113 4339 scu
1135 4274 1282 4341 haeredes
1303 4283 1443 4355 nostros,
1467 4283 1503 4343 et

450 4377 538 4463 quod
570 4376 610 4441 de
643 4375 704 4441 hoc
734 4374 908 4461 praestabit
929 4374 1026 4440 vobis
1048 4375 1260 4442 securitatem
1283 4399 1384 4464 quam
1405 4379 1502 4444 nobis

792 4535 1072 4542 .......—-—-...-...—.
1083 4535 1498 4545 —-...—--....-..-.—

483 4613 684 4678 ¹Immediatcly
703 4612 834 4678 following
852 4611 905 4662 this
921 4612 949 4661 iu
997 4613 1029 4662 oi
1051 4614 1094 4663 the
1115 4621 1206 4664 vacant
1233 4615 1331 4679 abbacy
1358 4615 1389 4665 of
1411 4616 1499 4666 Peter-

449 4695 491 4743 the
502 4691 561 4742 Roll
573 4691 593 4741 ia
605 4708 620 4742 a
631 4692 726 4742 similar
736 4693 844 4742 orderto
854 4691 951 4743 ltobcrt
996 4691 1113 4758 borough
1124 4692 1163 4742 for
1173 4691 1216 4744 the
1227 4707 1296 4743 same
1305 4707 1421 4758 purpose.

449 4771 589 4822 l'assclawc
608 4779 634 4822 to
653 4770 747 4823 deliver
763 4771 797 4820 all
816 4771 859 4822 the
870 4771 950 4822 issuca
