3609 5800
449 863 514 930 328
605 877 720 929 nomn
742 875 814 926 mn
837 877 954 926 ornnn
976 876 1183 929 sumerem
1205 877 1352 928 emenus

895 1172 1062 1241 DOLXX.

359 1305 363 1320 ⁸
454 1397 456 1403 ,
519 1321 745 1404 menemus,
769 1322 907 1390 Peneos
928 1339 973 1387 or
994 1321 1132 1402 ers,
1154 1339 1197 1388 ro
1220 1322 1350 1389 Herm
1374 1321 1438 1387 III.

801 1455 897 1522 (Royel
909 1456 1015 1518 Iaenms,
1026 1455 1074 1508 No.
1087 1459 1158 1522 755.)

286 1569 349 1633 May
364 1575 386 1625 ¹·
498 1567 683 1634 Excellenti
706 1569 840 1636 domino
871 1591 932 1635 suo
955 1568 1141 1655 H[enrioo]‚
1165 1568 1230 1636 Dei
1251 1567 1361 1657 gratis
1381 1567 1505 1634 illustri

452 1670 522 1758 regi
559 1672 701 1758 Angliae,
746 1673 880 1738 domino
926 1672 1109 1753 Hiberniae,
1156 1671 1232 1737 duci
1276 1670 1504 1758 Aquitonniee,

453 1772 639 1838 Lewelinus
665 1773 815 1862 princeps
841 1773 977 1854 Welliae,
1008 1774 1162 1841 dominus
1184 1773 1394 1854 Sneudoniae,
1426 1795 1506 1838 suus

452 1875 489 1940 in
527 1875 681 1942 omnibus
714 1877 864 1958 devotus,
902 1877 1045 1944 sulutem
1082 1883 1117 1944 et
1148 1881 1301 1964 peretum
1332 1877 1376 1942 sd
1406 1874 1505 1941 bene·

453 1977 576 2065 placite
597 1978 815 2046 voluntatem.
947 2051 951 2058 ,

284 2091 422 2158 lprayre-
499 2079 729 2168 significamus
761 2085 882 2148 vestrm
916 2083 1016 2170 regiae
1049 2083 1224 2170 majestati,
1248 2081 1336 2169 quod
1358 2086 1433 2169 post
1454 2103 1505 2147 m-

287 1640 350 1688 126⁹
363 1639 375 1689 i
387 1639 394 1670 ¹

284 2159 406 2290 {¹3:22¹
454 2203 578 2248 cessum
609 2185 805 2250 nuntiorum
836 2189 1025 2251 nostrorum
1057 2206 1077 2251 e
1109 2185 1214 2265 vobis,
1248 2205 1354 2273 nuper
1383 2183 1504 2272 perlis·

285 2293 350 2342 rone
362 2289 565 2352 tenemento
587 2285 683 2351 finito
707 2285 897 2366 Londoniee,
929 2287 1078 2354 homines
1111 2287 1243 2356 Griffini
1275 2287 1337 2352 filii
1358 2287 1506 2354 Wenun·

285 2359 536 2477 ffioffeofwen,
559 2388 676 2475 quiin
702 2389 863 2455 comitutu
894 2389 1069 2478 Selopsirae
1091 2389 1324 2470 defenduntur,
1353 2393 1505 2454 manute-

284 2491 327 2542 the
338 2493 428 2543 moin
452 2495 584 2569 nentur,
598 2495 634 2558 et
655 2495 867 2579 receptentur
881 2492 918 2556 in
932 2491 1065 2580 publico
1091 2513 1204 2558 eorum
1231 2491 1505 2578 transgressiones

284 2559 407 2626 ⁰fs²¹⁰¹³'
452 2595 652 2674 odvomndo,
676 2615 735 2660 sex
764 2593 893 2682 praedss
915 2595 958 2660 de
982 2595 1081 2662 terris
1102 2593 1225 2660 nostris
1247 2593 1289 2660 de
1310 2593 1506 2680 Svydstmt-

451 2695 615 2774 morchell,
649 2693 1014 2783 Svydlennerchhudvl,
1044 2695 1275 2784 Svydegiriilo,
1314 2695 1505 2775 Kedewem,

452 2799 603 2878 Amisoh,
628 2804 790 2885 ceperunt,
829 2805 864 2865 et
902 2799 1080 2866 earundem
1110 2799 1343 2887 praedictarum
1375 2803 1505 2885 partem

453 2904 541 2989 apud
563 2902 775 2970 Solosbiriam
800 2908 835 2968 et
859 2903 1009 2969 Montem
1025 2903 1157 2969 Gomeri
1171 2902 1394 2968 vendiderunt
1407 2901 1504 2987 pleno

453 3004 519 3084 die,
545 3004 709 3090 eliamque
739 3009 867 3093 partem
893 3005 1130 3071 interfecenmt
1159 3011 1194 3071 et
1224 3009 1505 3091 consumpserunt,

453 3128 521 3171 non
544 3107 615 3172 eine
636 3112 749 3173 nostro
780 3112 1034 3193 nostrorumque
1064 3108 1184 3173 domno
1216 3128 1284 3173 non
1313 3096 1440 3173 modico
1470 3112 1506 3174 et

453 3208 635 3295 vitupe1i03
673 3210 902 3296 quondamque
942 3215 1092 3275 nostrum
1137 3209 1268 3277 fidelem
1306 3208 1412 3275 nlters
1451 3208 1505 3275 die

351 3379 354 3387 ,
454 3311 727 3399 decapitaverunt
748 3310 786 3375 in
815 3312 957 3398 publico,
985 3312 1155 3398 eidemque
1186 3320 1329 3399 quatuor
1358 3311 1504 3398 obstule-

454 3419 534 3481 runt
554 3412 694 3479 eebolloe
715 3434 818 3500 usque
839 3412 883 3477 sd
905 3414 1027 3479 dictem
1042 3414 1158 3480 villum
1172 3415 1215 3479 de
1230 3414 1347 3479 Monte
1363 3413 1505 3479 Gomeri.

455 3516 501 3581 Et
530 3514 609 3601 quio
637 3516 760 3581 dumne
796 3515 926 3581 damnis
960 3516 1127 3582 cumulare
1157 3538 1216 3605 per
1244 3516 1328 3582 teies
1360 3517 1505 3582 vertitur

453 3618 489 3681 in
518 3618 607 3705 pacis
637 3622 673 3683 et
702 3617 820 3704 petrice
850 3624 1093 3697 nocumentum,
1120 3623 1155 3685 et
1180 3619 1264 3685 tales
1284 3618 1373 3683 infre
1401 3622 1505 3684 terrae

453 3726 580 3785 vestras
610 3720 815 3806 receptando,
839 3721 918 3786 licet
944 3722 1048 3787 vestri
1077 3721 1209 3787 sintin
1238 3726 1333 3808 perte
1358 3743 1380 3785 a
1408 3721 1505 3809 culpo

453 3822 623 3901 immunes,
646 3844 714 3887 non
740 3822 849 3887 minus
875 3823 981 3889 forme
1007 3822 1095 3910 pacis
1120 3822 1323 3910 infringetur
1351 3824 1504 3909 quamsi

452 3924 555 3990 vestri
592 3924 674 3989 talio
710 3929 978 4011 perpetmeeent3
1024 3924 1163 4014 ideoque
1191 3930 1337 3991 vestrum
1377 3926 1502 4012 regium

453 4028 659 4113 majestatem
686 4026 886 4114 requirimus
915 4026 1087 4093 humiliter
1116 4033 1153 4094 et
1180 4032 1309 4094 attente
1338 4034 1503 4115 quotenus

452 4128 633 4207 consilium,
650 4129 678 4193 si
693 4129 809 4215 placet,
825 4150 924 4217 super
943 4130 1005 4197 hoc
1027 4152 1191 4217 opponere
1213 4130 1405 4217 dignemini,
1424 4133 1502 4197 sori·

452 4228 569 4297 bontee
590 4231 706 4311 adhuc,
730 4232 760 4296 si
782 4232 896 4318 placet,
919 4233 1103 4299 vicecomiti
1133 4232 1308 4321 Selopsiree
1339 4238 1503 4319 quatenus

453 4333 557 4398 dictos
572 4332 744 4411 maleficos,
771 4355 852 4419 quos
878 4334 909 4399 ei
931 4334 1130 4401 nominatim
1151 4356 1361 4421 exponemus,
1384 4336 1502 4421 capiet,

453 4442 488 4501 et
511 4458 570 4522 per
593 4458 762 4523 corporum
789 4434 1027 4503 districtionem
1052 4437 1226 4525 compellat
1249 4460 1304 4503 eos
1325 4438 1501 4525 predictas

627 4762 632 4793 ¹
653 4762 701 4811 See
712 4760 755 4811 tho
767 4760 898 4827 following
909 4762 989 4823 letter,
1001 4762 1051 4811 and
1063 4761 1167 4826 ltymer,
1178 4760 1194 4812 i.
1206 4776 1229 4825 p.
1241 4765 1299 4813 459.
