3609 5800
448 887 698 940 rnnusrnsrrvs
719 889 764 938 or
787 889 858 938 rna
880 889 988 940 arras
1011 891 1055 940 or
1078 890 1199 940 asnar
1223 891 1273 941 111.
1322 877 1384 940 185

380 1063 473 1128 Solet
494 1063 636 1129 afflictus
658 1063 822 1129 auxilium
852 1085 998 1149 quaerere
1020 1064 1078 1129 ubi
1101 1071 1211 1152 sperat
1232 1070 1267 1131 et
1289 1065 1388 1131 debet
1401 1080 1541 1134 wesmin

334 1167 516 1231 remedium
537 1167 694 1233 invenire
736 1167 829 1232 Hinc
851 1171 902 1232 est
924 1167 1013 1253 qrrod
1035 1189 1094 1234 nos
1117 1166 1154 1232 in
1176 1167 1267 1232 omni
1288 1167 1389 1234 afflic-
1401 1159 1548 1282 {fffogffig

335 1269 427 1334 tione
463 1269 563 1355 positi
600 1269 643 1334 ad
679 1268 884 1335 celsitudinis
921 1275 1040 1334 vestrae
1075 1268 1282 1335 clementiam
1313 1293 1388 1336 cum
1402 1283 1539 1334 mereun-

1401 1348 1478 1398 heurd
1489 1351 1520 1400 of

335 1371 426 1436 omni
454 1371 632 1437 devotione
657 1376 693 1436 et
722 1369 911 1436 humilitate
934 1393 999 1456 qua
1021 1391 1201 1457 possumus,
1229 1379 1388 1458 tanquam
1401 1415 1516 1467 eruerem

334 1473 378 1537 ad
414 1477 564 1538 nostrum
601 1473 765 1560 refugium
802 1471 968 1560 singulare
1000 1495 1058 1559 per
1095 1474 1184 1559 quod
1221 1495 1389 1562 speramus
1400 1483 1523 1546 praenes

334 1575 518 1661 specialiter
539 1599 560 1641 a
582 1576 704 1641 nostris
724 1574 888 1662 angrrstiis
903 1581 939 1640 et
961 1575 1225 1663 oppressionibus
1247 1577 1388 1656 liberari,
1401 1563 1449 1696 {5⁸
1448 1549 1541 1666 {¹1:3⁰⁸

335 1678 491 1743 duximus
511 1679 754 1756 recurrendum,
776 1676 977 1742 sublimitati
1000 1682 1121 1744 vestrae
1143 1679 1242 1765 regiae
1256 1679 1389 1764 quantis
1401 1685 1554 1760 vrscountor

334 1779 513 1865 gemitibus
539 1800 713 1866 possumus
735 1783 769 1843 et
799 1777 977 1844 sufficimus
999 1778 1096 1844 flexis
1118 1780 1257 1866 genibus
1281 1780 1388 1846 humi·
1401 1748 1526 1816 erogcs.

334 1881 411 1947 liter
431 1882 662 1970 supplicantes,
676 1886 841 1968 quatenus
863 1880 1066 1946 celsitudinis
1080 1889 1200 1949 vestrae
1216 1883 1389 1950 clementia

334 1982 430 2048 nobis
451 1983 573 2049 vestris
605 1984 670 2070 [in]
702 1983 793 2049 omni
822 1987 932 2070 strage
962 1989 997 2048 et
1027 1983 1171 2070 periculo
1197 1985 1388 2052 constitutis

334 2085 376 2150 de
390 2085 490 2150 solita
504 2084 712 2172 benignitate
728 2084 883 2170 dignetur
897 2085 1071 2152 consilium
1091 2086 1280 2174 impendere
1303 2089 1387 2153 salu-

334 2195 415 2265 tare,
436 2186 659 2263 attendentes,
673 2187 703 2250 si
717 2186 835 2272 placet,
851 2187 1012 2272 planctus,
1033 2189 1187 2274 gemitus,
1203 2193 1238 2253 et
1260 2188 1388 2256 dolores

334 2295 404 2354 tam
437 2288 609 2354 hominum
643 2310 742 2374 quam
774 2289 960 2368 mulierum,
983 2290 1192 2376 pupillorum,
1216 2297 1250 2356 et
1273 2293 1389 2380 orpha·

334 2412 463 2470 norum,
486 2390 545 2476 qui
577 2397 713 2479 propter
745 2390 921 2456 horribiles
945 2397 979 2456 et
1001 2392 1160 2458 hactenus
1189 2393 1386 2482 [inauditas]

334 2493 578 2558 interfectiones
601 2499 785 2579 parentum,
808 2493 958 2573 fratrum,
981 2493 1136 2572 filiorum,
1151 2500 1185 2560 et
1207 2495 1386 2562 amicorum
1483 2565 1488 2574 ,

334 2617 468 2660 suorum
497 2599 571 2660 tota
597 2595 651 2660 die
680 2617 749 2660 non
779 2601 908 2660 cessant
940 2617 1070 2682 gemere
1093 2597 1325 2664 miserabiliter
1354 2605 1388 2664 et

334 2699 469 2784 plorare
515 2697 561 2763 Et
583 2697 661 2762 licet
682 2697 819 2783 longum
842 2702 927 2763 asset
950 2698 1080 2784 singula
1101 2699 1188 2764 mala
1211 2721 1286 2786 quae
1301 2701 1387 2767 vice-

334 2823 439 2866 comes
461 2799 705 2866 lemovicensis
738 2807 773 2865 et
804 2821 886 2886 gens
919 2821 980 2865 sua
1012 2807 1186 2887 postquam
1218 2803 1254 2868 in
1276 2811 1389 2870 vestra

335 2904 495 2969 fidelitate
517 2900 639 2969 fuimus
661 2902 759 2969 nobis
780 2904 857 2969 fecit
883 2904 1032 2982 scribere,
1055 2906 1142 2990 quod
1170 2956 1294 2973 ......
1306 2960 1317 2989 ,.
1334 2960 1340 2973 .
1356 2960 1386 2975 ..

334 3007 524 3073 nullatcnus
560 3006 790 3093 praesumebat,
825 3011 937 3071 ternerr
975 3006 1016 3071 de
1053 3006 1105 3072 his
1142 3008 1294 3093 quasdam
1332 3011 1389 3076 sed

334 3132 439 3196 pauca
460 3108 627 3195 majestati
658 3109 757 3195 regias
789 3130 847 3195 per
880 3116 1058 3195 praesentes
1086 3109 1200 3179 literas
1233 3111 1389 3183 duximus

335 3211 535 3299 explicanda,
567 3216 607 3276 ut
643 3210 763 3277 exinde
794 3216 895 3298 prout
929 3210 1023 3277 deest
1056 3212 1099 3277 ad
1131 3213 1387 3300 impendendum

335 3314 432 3379 nobis
453 3313 624 3379 consilium
647 3318 682 3378 et
708 3334 895 3379 succursum
919 3320 1029 3379 vestra
1051 3313 1240 3401 benignitas
1269 3316 1388 3383 fortius

336 3422 517 3482 moveatur.

380 3517 471 3585 Sciat
497 3569 710 3583 ......
742 3524 855 3583 vestra
878 3519 970 3605 regia
995 3518 1157 3585 celsitudo
1180 3520 1268 3607 quod
1305 3543 1387 3607 prae-

336 3620 443 3687 dictus
480 3620 658 3686 vicecomes
697 3619 786 3685 mala
822 3619 1067 3707 quamplurima
1108 3621 1204 3687 nobis
1246 3622 1325 3688 fecit
1354 3631 1388 3690 et

336 3724 457 3788 damna
490 3721 607 3787 intulit
640 3721 783 3798 infinita,
817 3721 932 3788 domos
966 3728 1095 3788 nostras
1129 3730 1163 3790 et
1199 3731 1387 3791 nostrorum

335 3822 619 3912 comburgensium
650 3823 839 3888 molendina
870 3829 905 3889 et
934 3824 1062 3911 reparia
1094 3825 1313 3893 comburendo
1354 3824 1388 3895 et

335 3928 484 3992 funditus
498 3925 669 4004 diruendo,
686 3924 786 3991 blada
801 3930 836 3990 et
857 3932 985 4013 segetes
1000 3927 1172 3993 cremando
1187 3934 1221 3994 et
1244 3930 1387 4009 talando

335 4030 448 4095 vineas
469 4034 598 4097 nostres
621 4079 783 4094 ......
804 4028 1002 4093 abscidendo
1026 4034 1060 4095 et
1082 4031 1117 4093 in
1140 4030 1219 4097 locis
1237 4031 1388 4117 plurimis

336 4130 556 4218 exstirpando,
585 4129 734 4196 homines
763 4131 862 4195 castri
895 4128 1135 4197 lemovicensis
1166 4131 1323 4218 capiendo
1352 4140 1387 4198 et

334 4234 501 4299 vilissimis
523 4232 706 4299 carceribus
729 4232 917 4311 detinendo,
944 4237 979 4297 et
1003 4232 1045 4297 ab
1076 4231 1124 4299 eis
1153 4232 1387 4299 immoderatas

335 4336 574 4423 redemptiones
597 4334 833 4420 extorquendo,
856 4340 892 4401 et
918 4334 1007 4421 quod
1030 4341 1081 4401 est
1103 4334 1246 4421 gravius.
1265 4336 1387 4402 multos

335 4460 377 4503 ex
397 4439 446 4505 eis
466 4439 620 4526 nequiter
641 4437 818 4504 occidendo
841 4443 876 4503 et
897 4438 1057 4524 quosdam
1080 4460 1191 4503 eorum
1216 4488 1385 4505 ........

337 4542 494 4607 vilissime
531 4541 770 4628 suspendendo.
825 4540 918 4606 ldem
955 4539 1043 4605 enim
1081 4540 1266 4618 vicecomes,
1298 4540 1387 4626 quod

336 4644 432 4709 valde
460 4644 556 4709 nobis
585 4666 686 4731 grave
709 4649 760 4708 est
789 4648 823 4708 et
857 4641 1040 4718 molestum,
1062 4642 1098 4706 in
1120 4642 1234 4707 stratis
1266 4649 1300 4709 et
1323 4643 1386 4709 viis

336 4745 430 4811 nobis
452 4745 695 4813 circumvicinis
721 4745 873 4811 custodes
895 4749 988 4810 tenet
1019 4750 1053 4809 et
1084 4744 1223 4811 insidias
1252 4746 1386 4811 circum·
