3609 5800
419 848 483 910 182
575 857 694 908 uorsa
715 857 790 908 sau
814 859 933 907 ornus
958 856 1164 908 ursrosiesn
1189 857 1335 908 aurnuns

462 1037 533 1102 Nos
567 1057 646 1102 vero
680 1035 796 1101 audita
818 1034 1050 1120 conquestione
1081 1034 1236 1122 ipsorum,
1273 1034 1471 1121 parliamen-

419 1145 492 1206 tum
526 1139 701 1205 habuimus
733 1159 815 1203 cum
850 1137 1042 1204 vicecomite
1077 1141 1267 1213 memorato,
1298 1137 1356 1202 ubi
1390 1161 1472 1225 prae·

418 1242 567 1308 sentibus
596 1241 746 1328 pluribus
776 1240 872 1306 bonis
901 1239 983 1306 viris
1006 1240 1146 1306 eundem
1177 1241 1402 1306 vicecomitem
1429 1262 1470 1306 ex

418 1350 514 1433 parte
551 1350 663 1410 vestra
707 1343 950 1430 requisivimus,
995 1348 1096 1431 prout
1147 1344 1255 1430 magis
1299 1343 1470 1431 potuimus

419 1448 607 1535 diligenter,
630 1451 670 1512 ut
692 1469 713 1512 a
735 1445 955 1533 burgensibus
970 1445 1054 1511 dicti
1076 1447 1176 1512 castri
1198 1451 1233 1512 et
1255 1447 1472 1512 universitate

417 1551 565 1637 ipsorum
601 1550 639 1614 in
670 1549 762 1616 curia
794 1554 907 1614 vestra
940 1547 994 1613 vel
1032 1570 1141 1614 coram
1178 1548 1275 1615 nobis
1311 1551 1470 1635 reciperet

414 1653 559 1740 justitia
580 1651 865 1740 complementum,
888 1673 988 1737 quam
1011 1651 1118 1716 eidem
1141 1652 1264 1738 pluries
1286 1650 1469 1718 obtulimus

417 1777 478 1821 nos
511 1755 675 1836 facturos3
697 1760 732 1820 et
765 1754 918 1820 similiter
950 1773 1047 1840 super
1078 1755 1207 1819 damnis
1242 1759 1277 1819 et
1298 1754 1468 1821 maleficiis

418 1858 593 1924 antedictis
624 1857 761 1944 abipso
792 1862 828 1923 et
848 1863 947 1943 gente
979 1878 1039 1922 sua
1061 1855 1126 1921 sibi
1147 1856 1249 1921 illatis
1267 1856 1323 1942 jus
1346 1857 1467 1922 eisdem

418 1960 635 2047 burgensibus
668 1959 790 2026 faceret
820 1959 858 2024 in
890 1960 982 2025 curia
1015 1963 1127 2026 vestre
1148 1958 1203 2026 vel
1237 1961 1338 2026 etiam
1361 1980 1468 2026 coram

418 2065 522 2130 nobis.
569 2062 780 2128 Inhibuimus
813 2061 916 2128 etiam
948 2063 1055 2128 eidem
1077 2063 1262 2128 vicecomiti
1288 2067 1329 2128 ut
1351 2065 1467 2130 amodo

421 2167 595 2233 desisteret
617 2187 638 2231 a
659 2165 788 2231 damnis
810 2169 846 2230 et
867 2165 1037 2230 maleficiis
1059 2165 1244 2232 antedictis.

465 2269 560 2335 Idem
575 2288 654 2333 vero
677 2268 857 2334 vicecomes
887 2267 1059 2354 respondit
1081 2267 1176 2333 nobis
1199 2270 1287 2355 quod
1309 2270 1378 2357 ipse
1400 2291 1468 2335 non

419 2373 542 2437 faceret
557 2373 615 2458 jus
629 2393 690 2437 nec
704 2371 864 2457 reciperet
877 2371 914 2435 in
929 2375 1041 2435 vestra
1055 2371 1154 2451 ouria,
1170 2393 1231 2436 nec
1245 2372 1347 2438 etiam
1361 2395 1468 2439 coram

421 2474 524 2553 nobis,
541 2475 653 2540 dicens
676 2475 765 2560 quod
780 2495 841 2539 vos
855 2495 925 2538 non
940 2472 1018 2538 estis
1033 2473 1137 2559 ipsius
1152 2472 1313 2554 dominus,
1329 2497 1389 2541 nec
1402 2474 1471 2564 ipse

417 2583 552 2643 tenetur
585 2576 781 2665 respondere
814 2575 869 2641 vel
896 2573 1065 2662 justitiam
1098 2574 1203 2642 faeere
1235 2599 1344 2643 coram
1366 2578 1469 2656 nobis,

419 2682 578 2768 quasdam
611 2679 755 2745 rationes
788 2679 904 2744 inanes
935 2683 970 2744 et
1000 2677 1132 2766 fragiles
1163 2701 1260 2768 super
1293 2681 1354 2748 hoc
1387 2705 1467 2770 prae·

421 2783 594 2851 tendendo.

464 2887 535 2953 Nos
573 2907 652 2952 vero
687 2884 923 2952 deliberatione
963 2885 1079 2954 habita
1116 2908 1190 2953 cum
1228 2889 1343 2975 peritis
1378 2914 1468 2981 repe-

419 2991 522 3056 rimus
554 2989 643 3075 quod
674 2988 744 3075 ipse
775 2989 874 3054 debet
907 2991 1102 3077 respondere
1134 2995 1168 3057 et
1201 2991 1257 3077 jus
1293 2992 1398 3059 facere
1434 2995 1471 3060 in

421 3097 533 3159 vostra
554 3093 654 3172 curia,
677 3090 731 3157 vel
753 3112 862 3157 coram
883 3096 996 3158 vestro
1027 3094 1211 3173 senescallo,
1235 3118 1295 3183 pro
1321 3118 1359 3162 eo
1382 3100 1471 3183 quod

421 3197 572 3261 homines
595 3194 676 3260 dicti
698 3195 798 3260 castri
831 3199 911 3261 sunt
934 3197 1037 3261 vestri
1069 3198 1227 3277 homines,
1250 3205 1285 3264 et
1307 3199 1402 3265 vobis
1437 3206 1471 3267 et

421 3300 506 3364 nulli
529 3299 587 3363 alii
609 3319 643 3363 se
676 3298 848 3376 advocant,
872 3303 907 3364 et
940 3298 976 3363 in
998 3304 1111 3365 vestra
1133 3306 1167 3366 et
1190 3302 1312 3367 nullius
1334 3302 1471 3370 alterius

421 3402 584 3467 fidelitate
607 3400 800 3476 consistunt,
824 3404 858 3466 et
889 3400 979 3466 idem
1001 3402 1180 3468 vicecomes
1214 3426 1253 3469 ea
1275 3426 1349 3490 quae
1372 3406 1473 3472 habet

421 3506 459 3569 in
490 3504 578 3570 dicto
610 3508 715 3569 ceretro
748 3507 842 3568 tenet
868 3503 911 3567 ab
934 3503 1055 3570 abbate
1078 3504 1109 3570 S.
1133 3505 1296 3571 Martialis
1318 3507 1472 3575 Lcmovi-

423 3606 535 3684 censis,
573 3606 630 3691 qui
668 3626 707 3671 ea
744 3610 778 3671 et
815 3604 882 3670 alia
916 3628 994 3695 'quae
1032 3608 1133 3675 habet
1170 3607 1258 3675 idem
1296 3610 1398 3677 abbas
1435 3613 1471 3679 in

424 3709 512 3776 dicto
535 3714 641 3773 oestro
664 3711 757 3773 tenet
779 3708 819 3772 de
842 3707 998 3785 vobis-et
1020 3708 1061 3775 de
1082 3710 1134 3775 his
1149 3710 1244 3778 vobis
1266 3734 1300 3778 se
1323 3714 1470 3794 advocat,

423 3820 457 3877 et
479 3810 580 3877 etiam
603 3830 662 3897 pro
684 3808 735 3874 his
757 3809 845 3875 idem
881 3809 984 3875 abbas
1016 3810 1052 3875 in
1080 3812 1243 3880 fidelitate
1265 3819 1376 3882 vestra
1397 3840 1470 3884 con-

422 3912 519 3980 sistit.
565 3912 653 3978 Item
684 3916 719 3977 et
752 3934 811 3999 pro
845 3932 883 3977 eo
918 3913 1006 3999 quod
1040 3915 1207 3981 senescalli
1241 3922 1339 3986 terrae
1375 3920 1472 3987 istius

421 4017 543 4106 passim
565 4036 676 4082 omnes
698 4015 853 4081 clamores
875 4018 909 4080 et
924 4014 1072 4101 querelas
1086 4018 1229 4087 audiunt
1244 4028 1278 4087 et
1299 4024 1471 4111 recipiunt,

423 4122 525 4187 donee
569 4124 679 4207 partes
723 4138 783 4205 per
820 4118 1020 4184 sententiam
1058 4120 1113 4186 vel
1150 4124 1335 4211 esgardium
1372 4126 1470 4194 ouria

424 4221 591 4290 senescalli
624 4221 668 4286 ad
700 4220 782 4285 alios
814 4218 983 4287 inferiores
1015 4222 1144 4309 judices
1181 4227 1406 4307 remittantur,
1444 4231 1473 4295 si

423 4327 491 4391 sint
513 4326 556 4389 ad
577 4322 675 4389 aliam
697 4322 821 4388 curiam
835 4322 1063 4407 remittendee3
1085 4326 1172 4414 quod
1196 4334 1308 4416 temen
1330 4354 1404 4397 cum
1427 4334 1472 4399 sit

423 4424 570 4494 factum¹
595 4446 759 4491 armorum
781 4445 850 4489 non
873 4425 1002 4491 obtinet
1024 4428 1059 4491 in
1090 4427 1151 4495 hoc
1181 4452 1264 4511 casu,
1286 4434 1471 4521 praesertim
