3609 5800
441 882 689 957 miserrimus
712 906 756 953 or
778 905 849 953 rus
871 904 980 953 suren
1004 904 1048 953 os
1071 902 1190 953 nunus
1215 904 1263 953 111.
1316 888 1379 953 219

375 1079 557 1147 Nobiliteti
593 1082 715 1145 vestrae
753 1078 982 1165 conquerendo
1019 1077 1242 1165 significemus
1286 1076 1384 1164 quod,
1396 1080 1473 1133 sinae
1485 1094 1551 1147 5⁰¹³

333 1187 506 1269 postquam
528 1180 700 1269 Philippus
729 1180 761 1246 le
791 1181 892 1247 Breet
922 1202 965 1245 ex
994 1186 1089 1267 parte
1118 1185 1227 1247 vestra
1254 1180 1297 1247 ad
1322 1164 1540 1276 nosffissffl‘

330 1284 474 1362 accessit,
488 1289 530 1349 ut
545 1286 802 1351 constitueretur
817 1284 888 1349 dies
911 1289 946 1349 et
960 1284 1050 1351 locus
1077 1284 1121 1351 ed
1144 1283 1330 1351 faciendum
1349 1282 1507 1349 etiusticiar
1523 1282 1553 1335 of

331 1387 554 1474 recipiendum
593 1386 757 1462 emendas,
794 1386 974 1452 secundum
1013 1386 1153 1453 formam
1181 1392 1380 1473 treugarum,
1394 1349 1539 1467 ffiffiffl

330 1489 371 1555 de
396 1488 693 1576 interceptionibus
718 1490 896 1555 earundem
923 1510 965 1555 ex
990 1496 1131 1577 utreque
1155 1495 1251 1577 porte
1274 1488 1380 1568 factis,
1394 1482 1542 1563 heremaro

324 1591 529 1678 justiciarius
561 1590 707 1669 Oestriae,
737 1591 877 1657 barones
909 1590 1056 1678 partium
1088 1592 1228 1670 illerum,
1252 1597 1287 1657 et
1320 1591 1381 1657 filii
1395 1552 1527 1667 ffissmd

328 1694 455 1760 domini
476 1693 641 1759 Johannis
664 1694 828 1760 Extranei
850 1692 959 1781 plures
991 1694 1190 1781 irruptiones
1213 1698 1247 1761 et
1281 1694 1381 1761 insul·
1395 1684 1507 1761 ΝΜ

328 1808 383 1863 tus
412 1796 560 1863 fecerunt
589 1797 626 1861 in
651 1800 757 1861 terras
787 1796 902 1863 dilecti
933 1800 967 1861 et
992 1796 1100 1863 fidelis
1126 1798 1231 1863 nostri
1256 1751 1539 1871 dominiillolieii.

332 1899 464 1966 Griffini
491 1900 532 1965 de
553 1899 741 1976 Bromfeud,
767 1898 865 1964 villas
887 1898 1116 1978 comburendo,
1141 1901 1270 1986 praedas
1302 1900 1381 1967 diri-

330 2003 461 2090 piendo,
476 2002 626 2068 homines
653 2002 814 2089 quosdam
835 2002 1021 2080 occidendo,
1037 2002 1199 2089 quosdam
1216 2004 1381 2091 capiendo.

331 2107 377 2172 Et
405 2128 495 2172 nunc
522 2105 643 2171 ultimo
673 2105 728 2170 die
763 2105 867 2171 Lunae
897 2105 1050 2191 proxima
1079 2111 1156 2192 post
1193 2107 1316 2172 festum
1346 2106 1382 2171 B.

331 2209 485 2275 Matthaei
519 2209 667 2296 apostoli,
698 2230 772 2273 cum
806 2209 877 2274 dies
907 2208 963 2274 ille
994 2214 1080 2275 esset
1109 2210 1311 2275 constitutus
1341 2209 1384 2275 cd

329 2311 516 2377 babendum
547 2312 809 2398 parliamentum,
842 2311 933 2376 inter
968 2332 1028 2375 nos
1066 2334 1107 2376 ex
1130 2333 1198 2377 une
1234 2317 1328 2398 parte
1350 2316 1384 2377 et
1475 2334 1479 2343 ’

331 2415 456 2481 dictum
488 2414 711 2501 justiciarium
749 2436 791 2479 ex
821 2412 935 2493 altera,
967 2413 1155 2479 hominibus
1184 2414 1305 2480 nostris
1350 2419 1384 2481 et

332 2515 520 2581 hominibus
541 2516 622 2581 dicti
645 2515 777 2582 Griffini
808 2516 1015 2602 congregetis
1046 2515 1089 2581 ad
1119 2517 1244 2582 dictum
1267 2516 1385 2603 parlie-

331 2624 489 2697 mentum,
511 2618 619 2683 dictus
642 2618 857 2705 justiciarius,
881 2640 956 2683 oum
988 2640 1047 2683 suu
1068 2619 1208 2704 sequela,
1230 2640 1383 2706 magnam

331 2721 476 2807 praedcm
507 2720 544 2785 in
582 2721 647 2785 alia
678 2726 775 2807 parte
804 2726 904 2785 terrae
937 2720 1018 2787 dicti
1056 2720 1187 2787 Griffini
1229 2722 1315 2808 oepit
1350 2730 1385 2788 et

332 2824 453 2912 abegit.
500 2824 610 2905 Unde,
653 2825 732 2912 quie
767 2824 826 2889 diu
867 2845 935 2889 non
974 2846 1147 2912 possumus
1185 2825 1257 2912 peti
1301 2826 1384 2892 tales

330 2928 600 3015 transgressiones
624 2928 747 2993 multas
768 2928 975 3014 pertransire,
999 2927 1227 2994 excellentiam
1240 2933 1384 2996 vestram

332 3051 484 3116 rogemus
525 3035 687 3115 quatenus
716 3032 759 3096 ad
794 3029 1058 3096 emendationem
1089 3031 1251 3098 dictarum
1278 3036 1384 3098 truns-

333 3135 535 3220 gressionum
559 3153 689 3215 sanum·
710 3138 744 3199 et
766 3139 935 3199 maturum
957 3134 1069 3200 velitis
1091 3134 1263 3200 consilium
1286 3157 1385 3222 appo-

332 3257 419 3313 nere,
435 3229 483 3298 'ne
510 3258 569 3322 pro
599 3234 728 3301 deiectu
752 3235 897 3322 justitiae
927 3257 1054 3302 necesse
1087 3237 1274 3319 habeamus,
1298 3240 1385 3326 quod

333 3339 430 3416 absit,
453 3360 599 3424 quaerere
620 3339 810 3404 m'ndictam.
858 3338 976 3404 Valeat
999 3339 1156 3406 nobilitas
1178 3346 1295 3408 vestra

643 3646 700 3654 -0-
708 3646 788 3654 --Q-
799 3647 810 3650 -
830 3647 835 3651 .
845 3646 895 3652 «οη...
906 3647 1048 3654 ——-—--a-=—
1071 3649 1076 3653 1

767 3857 953 3924 DLXXXI.

341 4005 458 4072 Perse
490 4022 538 4070 nn
561 4003 758 4074 Mourronr
787 4020 830 4069 ro
854 4005 977 4072 Reunia
1008 4025 1050 4072 nn
1078 4007 1201 4090 Bmon,
1224 4009 1321 4077 Eam
1344 4027 1387 4076 or

637 4108 820 4187 Noaromr,
842 4123 917 4174 sun
941 4126 1081 4176 ornnes

669 4247 765 4312 (Royal
777 4247 883 4306 Iaetters,
897 4247 946 4298 No.
962 4251 1055 4314 1,oo7.)

383 4357 431 4422 As
467 4355 582 4421 nobles
618 4356 702 4421 frers
739 4379 757 4420 e
788 4379 809 4422 a
849 4379 900 4422 ses
931 4363 999 4422 tres
1028 4359 1120 4425 ohers
1150 4362 1337 4448 seigneours
1368 4384 1455 4435 eoo.
1469 4389 1492 4447 a,

339 4461 423 4528 amis
451 4480 530 4524 mon
560 4459 625 4524 sire
656 4459 764 4545 Roget
792 4459 823 4524 le
854 4460 962 4548 Bigod
992 4469 1111 4528 counte
1141 4465 1182 4530 de
1218 4465 1347 4531 Norfok
1369 4457 1473 4533 e¹²⁶²·

340 4562 520 4628 mareschal
562 4561 603 4626 de
644 4561 845 4648 Engleterre,
886 4585 965 4628 mon
1005 4565 1068 4630 sire
1108 4566 1242 4654 Phelipe
1273 4569 1388 4636 Busset
1497 4553 1502 4562 ⁸

338 4665 458 4749 justice
492 4665 533 4729 de
556 4664 759 4750 Engleterre,
782 4665 848 4730 sire
880 4665 992 4732 Johen
1023 4667 1173 4734 Msuncel
1206 4692 1225 4736 e
1256 4670 1388 4738 Roberd

341 4766 551 4843 Waleraund,
568 4765 678 4832 Peiros
700 4767 741 4832 de
764 4767 950 4835 Mountfort
975 4769 1062 4834 salus
1085 4795 1103 4836 o
1125 4775 1215 4838 tutes
1237 4774 1386 4840 honours.
