3609 5800
427 964 674 1014 rmusrnarrvn
697 966 740 1013 or
764 966 834 1014 rau
857 964 963 1013 amon
987 964 1030 1013 or
1054 964 1175 1014 nanas
1199 966 1248 1014 111.
1296 952 1361 1019 273

308 1159 383 1201 nem
406 1144 476 1205 stat
498 1140 674 1225 quominus
697 1160 757 1203 nos
779 1146 814 1203 et
844 1160 982 1225 regnum
1006 1146 1157 1205 nostrum
1181 1137 1363 1204 confusioni

307 1247 342 1306 et
364 1246 531 1328 perpetuae
554 1239 805 1306 exheredationi
832 1239 1017 1305 liberemur.

352 1343 568 1409 Prohibemus
600 1344 701 1408 etiam
732 1364 831 1429 super
861 1342 1102 1407 forisfacturam
1136 1343 1296 1407 bonorum
1329 1348 1363 1407 et

307 1445 511 1524 catellorum,
526 1469 568 1511 ne
592 1445 666 1531 quis
688 1450 805 1532 potens
827 1445 863 1508 in
885 1444 1099 1510 facultatibus
1122 1450 1156 1509 et
1179 1443 1298 1529 habilis
1320 1446 1364 1509 ad

308 1549 524 1635 pugnandum
547 1568 631 1615 onus
664 1546 859 1633 praedictum
893 1567 952 1632 pro
975 1546 1078 1611 altero
1101 1551 1255 1627 assumat,
1279 1567 1364 1633 prae-

308 1651 422 1715 sertim
437 1673 512 1715 oum
528 1648 754 1735 unusquisque
768 1648 811 1713 ad
827 1648 1048 1713 defensionem
1072 1648 1260 1734 hujusmodi
1284 1650 1365 1715 totis

308 1752 437 1816 viribus
468 1756 621 1816 teneatur
652 1750 772 1815 adesse.
818 1750 984 1815 Praeterea
1006 1749 1157 1815 volumus
1180 1751 1269 1835 quod
1299 1750 1363 1815 viri

308 1853 453 1940 religiosi
476 1853 533 1939 qui
556 1851 729 1938 capitalem
751 1850 877 1917 habent
892 1852 1026 1917 domum
1049 1852 1086 1915 in
1108 1852 1233 1917 balliva
1254 1858 1314 1917 tua
1330 1858 1365 1917 et

309 2006 316 2019 .
340 2006 346 2020 .
370 2007 376 2019 .
401 1956 601 2041 impotentes
623 1960 657 2019 et
679 1953 840 2019 inhabiles
862 1954 906 2018 ad
937 1954 1154 2040 pugnandum
1177 1960 1365 2041 competens

309 2056 492 2121 subsidium
517 2057 700 2136 inveniant,
723 2056 902 2121 seeundum
925 2054 1098 2121 facultates
1130 2061 1165 2121 et
1187 2057 1275 2121 bona
1305 2080 1366 2121 sua

310 2158 512 2245 temporalia,
536 2159 732 2243 ubicumque
766 2157 897 2222 fuerint
944 2158 990 2222 Et
1021 2158 1101 2244 quia
1131 2180 1189 2244 per
1210 2160 1365 2245 praelatos

309 2266 344 2324 et
366 2261 505 2326 barones
528 2260 569 2325 de
602 2258 738 2324 oonsilio
771 2264 885 2324 nostro
917 2259 1084 2346 provisum
1117 2260 1277 2347 estquod
1300 2262 1364 2325 viri

308 2363 454 2448 religiosi
476 2362 517 2428 de
538 2361 681 2427 ecelesiis
712 2360 782 2426 suis
804 2383 885 2448 qna-s
909 2366 1026 2426 tenent
1049 2362 1085 2425 in
1108 2362 1254 2449 proprios
1276 2385 1365 2441 usus,

310 2470 345 2529 et
374 2470 516 2529 rectores
548 2462 764 2540 ecelesiarum,
798 2485 836 2527 ae
868 2484 981 2527 onmes
1015 2463 1074 2527 alii
1105 2461 1292 2530 beneficiati
1324 2466 1364 2529 de

310 2566 452 2632 eeclesiis
475 2589 534 2632 seu
555 2564 722 2631 benefieiis
744 2564 813 2630 suis
835 2564 1062 2631 ecelesiasticis
1077 2566 1256 2631 secundum
1278 2589 1364 2633 com-

310 2690 443 2733 munem
465 2668 719 2734 aestimationem
740 2666 920 2733 eorundem
943 2670 1086 2732 armatos
1108 2668 1288 2749 invenient,
1312 2668 1366 2733 vel

310 2770 493 2835 subsidium
526 2774 714 2855 competens
745 2768 963 2857 praestabunt,
990 2768 1092 2854 juxta
1123 2769 1364 2835 ordinationem

311 2872 535 2960 episeoporum
566 2893 710 2949 suorum,
732 2870 798 2937 tibi
820 2871 1029 2958 praecipimus
1052 2871 1141 2958 quod
1163 2871 1251 2960 ipsos
1277 2895 1367 2940 ocea-

311 2975 401 3039 sione
423 2974 584 3061 praedicta
606 2996 673 3038 non
696 2973 887 3060 distringas,
911 2995 970 3040 nec
994 2977 1028 3039 aa
1049 2974 1128 3040 inde
1150 2973 1364 3042 intromittas.

312 3076 353 3140 In
374 3077 475 3162 eujus,
499 3081 560 3142 eto.

356 3178 454 3244 Teste
476 3201 552 3266 rege
590 3179 679 3266 apud
713 3177 938 3258 Cantauriam,
977 3178 1132 3246 vicesimo
1170 3180 1275 3267 primo
1314 3181 1366 3246 die

313 3281 465 3365 Augendi.

849 3472 871 3476 ...
892 3471 959 3480 ...μμ-
974 3469 1080 3478 -....-,..-.

747 3625 935 3694 DOXXVI.

337 3765 542 3846 Mamaeam,
567 3765 749 3831 Coonrnss
772 3783 817 3829 or
839 3766 1026 3831 Fumosae
1049 3781 1122 3831 auo
1145 3766 1344 3848 Heraeum,

344 3861 349 3868 ’
704 3885 747 3932 ro
770 3868 901 3933 Hunni
926 3866 989 3933 ΙΙΙ.

665 4003 763 4068 (Royal
773 4003 881 4061 Lattara,
893 4003 941 4054 No.
956 4005 1025 4067 134.)

360 4113 643 4179 Excellentissimo
682 4115 816 4180 domino
861 4137 921 4180 suo
960 4115 1114 4194 Henrioo,
1153 4115 1215 4179 Dei
1260 4116 1503 4202 gratiamur-31,

315 4215 536 4281 illustrissimo
557 4217 627 4302 regi
651 4218 793 4304 anglia,
816 4218 950 4283 domino
973 4219 1115 4284 Iberniao
1131 4225 1165 4282 et
1179 4219 1369 4304 Aquitaniae
1385 4193 1455 4236 Μ’

315 4317 401 4397 duci,
424 4318 494 4402 ejus
514 4321 768 4405 ·eonsanguinea
798 4326 833 4385 et
854 4321 962 4385 fidelis
985 4321 1180 4406 Margareta,
1206 4321 1370 4386 Flaudrire

194 4460 198 4466 ,
315 4424 349 4482 et
372 4419 562 4504 Haynoniae
583 4421 759 4501 comitissa,
783 4421 934 4501 salutem,
957 4428 991 4486 et
1017 4445 1090 4487 euni
1124 4423 1214 4486 omni
1247 4423 1370 4488 honore

284 4524 288 4530 ⁴
316 4523 351 4583 et
371 4523 558 4586 reverentia
579 4523 877 4609 promptitudinem
900 4524 1071 4589 serviendi.

361 4620 446 4686 (lum
478 4645 537 4708 pro
571 4647 610 4690 eo
641 4627 731 4710 quod
761 4647 899 4712 regnum
932 4626 1075 4712 Angliae,
1105 4624 1146 4690 de
1180 4649 1245 4710 quo
1278 4626 1371 4692 doleo
1385 4633 1427 4684 Do
1437 4633 1506 4685 what

315 4723 533 4803 vehementer,
564 4728 662 4813 plena
688 4729 931 4815 tranquillitate
964 4750 1031 4792 non
1062 4727 1185 4814 gaudet
1215 4728 1258 4794 ad
1289 4750 1371 4815 pnn-
1384 4701 1540 4817 ffizssffi‘

316 4847 398 4904 sous,
413 4832 610 4894 meroatores
632 4831 696 4893 mei
718 4830 882 4895 Flandrire
906 4830 1083 4895 comitatus
1105 4831 1192 4895 bona
1215 4853 1276 4896 sua
1298 4855 1371 4919 quae
1385 4834 1474 4885 chaun

405 4944 479 4993 VOL
504 4947 541 4993 ΙΙ.
1222 4953 1239 4998 S
