3609 5800
400 921 649 975 unusrmmvs
669 924 712 973 or
733 924 803 973 rus
825 922 933 972 umus
956 924 1000 971 or
1022 922 1142 973 sauss
1164 924 1213 972 1u
1270 904 1335 977 247

285 1101 440 1167 inducere
462 1100 606 1166 debeant
628 1104 663 1165 et
685 1098 822 1178 hortari,
846 1103 886 1163 ut
909 1096 1080 1163 securitati
1103 1120 1172 1163 suae
1195 1100 1231 1162 et
1244 1100 1337 1185 regni

288 1206 349 1283 sui,
384 1209 687 1290 quantumcumque
718 1202 790 1268 fieri
820 1203 952 1288 poterit,
978 1200 1122 1267 securius
1155 1205 1189 1267 st
1221 1200 1337 1265 melius

287 1307 521 1393 provideatur3
554 1305 728 1372 consilium
762 1310 913 1371 nostrum
945 1325 1013 1370 non
1047 1309 1098 1369 est
1129 1304 1171 1368 ad
1194 1324 1336 1389 praesens

288 1410 375 1495 quod
399 1409 525 1475 insulas
547 1408 647 1474 adeat
679 1406 863 1494 praedictas,
888 1406 991 1473 donec
1013 1412 1169 1495 tempora,
1193 1404 1337 1472 Domino

288 1517 490 1599 cooperante,
511 1511 555 1577 ad
577 1511 639 1576 hoc
660 1509 815 1574 habuerit
835 1509 979 1574 meliora.

595 1712 1025 1722 ο--ι-*ηῄ-

759 1843 879 1910 Dolv.

345 1980 519 2059 chnssn,
544 1978 642 2043 Kruo
665 1994 710 2041 or
734 1992 805 2042 rus
828 1976 984 2057 Roseus,
1008 1993 1051 2042 ro
1075 1976 1206 2043 Hsuav
1229 1976 1295 2045 III.

629 2097 725 2162 (atyn
736 2095 843 2157 Istas,
859 2096 908 2147 uo.
923 2096 992 2161 us.)

336 2201 464 2267 Illustri
499 2204 534 2266 et
564 2197 739 2285 magnifico
771 2198 913 2286 principi
945 2197 1078 2264 domino
1101 2196 1256 2276 Henrico‚
1278 2198 1341 2263 Dei
1353 2204 1422 2256 June
1433 2210 1474 2269 2⁹,

290 2304 399 2392 gratia
432 2304 505 2389 regi
526 2301 666 2391 Angliae,
691 2301 824 2367 domino
857 2300 1041 2386 Hyberniae
1072 2305 1107 2365 ct
1139 2300 1215 2366 duci
1237 2301 1342 2387 Aqui·
1357 2278 1427 2323 ¹²⁶3'

290 2407 401 2485 taniae,
423 2426 580 2492 germane
611 2426 671 2471 suo
703 2402 881 2483 carissime,
905 2402 1075 2481 Ricardus,
1099 2401 1214 2469 eadem
1235 2402 1343 2489 grstia

292 2509 514 2574 Romanorum
537 2528 604 2587 rex,
621 2526 747 2592 semper
767 2506 948 2592 Augrmtm,
966 2505 1116 2586 smutem,
1140 2510 1174 2570 et
1197 2504 1343 2571 sinceris·

290 2612 381 2677 simae
404 2631 530 2697 semper
553 2606 739 2674 dilectionis
761 2607 925 2673 affectum

337 2712 410 2778 Hac
435 2710 593 2799 praessnti
617 2709 700 2775 feria
727 2714 831 2789 sexta,
854 2710 892 2774 in
914 2710 968 2776 die
991 2710 1145 2776 videlicet
1169 2708 1489 2787 batorumhphe·

290 2814 513 2904 apostolorum
528 2813 618 2879 Petri
633 2818 667 2879 et
683 2812 788 2891 Pauli,
803 2814 1002 2879 comestione
1016 2812 1112 2893 facta,
1127 2835 1240 2880 versus
1256 2812 1343 2902 pr-
1355 2782 1480 2895 wa?

269 2920 431 3007 penham
453 2939 584 3006 gressus
605 2922 736 2983 nostres
759 2939 834 2982 cum
857 2917 949 2984 omni
971 2917 1206 2984 acceleratione
1221 2917 1343 2983 direxi-
1355 2913 1454 2972 lm

291 3043 372 3099 mus,
387 3020 508 3086 deinde
529 3040 643 3085 versus
657 3019 868 3107 Wulingford
882 3042 900 3086 e
915 3021 1056 3108 vestigio
1078 3021 1269 3106 processuri,
1284 3019 1344 3086 ubi
1357 2978 1451 3094 iffi

291 3124 452 3190 credimus
485 3122 637 3188 invenire
668 3123 814 3189 barones
868 3123 1087 3210 Disponentes
1125 3125 1239 3210 itaque
1269 3145 1344 3188 cum
1358 3111 1504 3228 Effiffiw

291 3227 414 3292 eisdem
436 3247 534 3312 super
566 3225 746 3292 concordias
777 3224 864 3290 bono
897 3223 1075 3291 sollicitum
1099 3231 1134 3292 et
1162 3225 1344 3292 ferventem
1358 3193 1512 3324 ligurionu-

292 3329 412 3395 habere
435 3332 626 3408 tractatum,
648 3328 808 3412 vobisque
831 3328 1023 3394 renunciare
1046 3330 1240 3414 quantocius
1255 3329 1344 3414 quic-
1357 3312 1431 3363 ΜΘ*

293 3431 374 3518 quid
395 3429 619 3496 invenerimus
633 3429 723 3515 apud
738 3450 803 3507 eos,
817 3429 1031 3494 serenitatem
1054 3434 1198 3496 vestram
1213 3435 1342 3497 attente

293 3533 489 3620 requirimus
537 3537 573 3598 et
616 3552 769 3619 rogamus
810 3537 973 3616 quatenus
1016 3532 1131 3598 inclito
1177 3530 1343 3599 Edwards

292 3637 360 3702 filio
393 3639 515 3716 vestro,
552 3635 668 3720 nepoti
703 3638 818 3700 nostro
855 3633 1031 3714 carissimo,
1075 3635 1159 3700 detis
1205 3636 1345 3702 firmiter

295 3741 333 3803 in
355 3738 525 3803 mandatis
546 3758 599 3818 ne,
621 3736 724 3802 donec
756 3735 949 3802 sciverimus
981 3740 1095 3802 utrum
1126 3737 1287 3824 possimus
1309 3739 1346 3804 in

296 3843 367 3927 ipso
389 3845 537 3906 tractatu
559 3839 723 3926 proficere,
744 3838 901 3904 bellicum
932 3837 1032 3904 faciat
1063 3841 1098 3904 in
1121 3839 1259 3904 barones
1293 3841 1347 3905 vel

294 3943 438 4030 aliquem
461 3942 640 4008 eorundem
671 3941 856 4021 insultum3
882 3961 944 4005 nos
968 3942 1056 4006 enim
1090 3941 1235 4009 adversae
1257 3943 1347 4029 parti

295 4044 528 4111 mandavimus
550 4043 635 4109 illud
657 4043 752 4108 idem.

338 4148 466 4213 Datum
488 4147 662 4226 Istelhord‚
684 4145 840 4212 vicesimo
870 4146 1006 4212 octuvo¹
1039 4147 1091 4212 die
1114 4146 1219 4224 Junii,
1241 4146 1345 4212 indic·

293 4251 385 4315 tione
406 4253 510 4326 sexta,
533 4249 626 4334 regni
648 4249 754 4312 nestri
776 4270 864 4312 anno
886 4249 1033 4336 septime.

329 4475 336 4504 ¹
354 4475 465 4524 υἰεεείιηο
491 4473 590 4538 cctam]
613 4470 715 4536 xxviij⁰‚
737 4471 794 4521 MS.
845 4473 895 4521 and
906 4472 959 4522 also
977 4471 1038 4522 with
1056 4472 1098 4522 the
1117 4473 1248 4539 following
1265 4475 1344 4526 letter.

294 4554 346 4603 But
365 4554 416 4603 this
434 4554 491 4604 (late
510 4553 533 4602 is
550 4552 715 4602 inconsistent
733 4550 795 4600 villi
845 4550 878 4598 In
900 4555 964 4601 1263
976 4550 1019 4600 the
1031 4550 1092 4600 suth
1111 4552 1143 4600 of
1158 4553 1226 4604 June
1245 4553 1290 4603 did
1301 4555 1345 4604 fall

294 4632 348 4684 that
358 4633 434 4698 given
445 4633 474 4682 in
485 4632 529 4683 the
539 4633 608 4697 body
619 4632 649 4681 of
661 4631 705 4681 the
716 4631 796 4691 letter,
846 4645 879 4678 on
891 4645 907 4678 s
918 4629 1021 4694 suiuy,
1033 4643 1060 4680 as
1071 4631 1215 4682 mentioned
1225 4635 1311 4684 above.
