3609 5800
462 872 527 935 260
605 882 720 933 noran
744 883 816 933 arn
842 883 958 933 ornan
985 880 1191 932 mammona
1214 884 1360 939 inrisas

262 1082 265 1086 ’
294 1078 439 1131 inImoon
460 1062 504 1125 ad
525 1065 673 1126 nostram
696 1061 754 1125 sed
776 1060 820 1125 ad
835 1061 983 1127 omnium
1006 1066 1041 1126 et
1064 1061 1268 1148 singulorum
1292 1060 1395 1149 ipsius
1417 1062 1512 1149 regni

293 1147 443 1279 ‘s'ffiffl
461 1162 684 1230 confusionem
710 1168 745 1229 et
769 1163 1058 1229 exheredationem
1080 1169 1283 1253 perpetuam,
1304 1166 1369 1230 nisi
1385 1154 1514 1232 virilius

294 1281 403 1344 August.
459 1267 642 1344 resistatur,
659 1270 792 1354 propter
814 1266 903 1353 quod
926 1272 997 1332 tam
1020 1267 1116 1333 vobis
1139 1289 1238 1353 quam
1259 1267 1334 1333 aliis
1359 1267 1512 1334 fidelibus

460 1370 554 1455 regni
588 1371 694 1435 nostri
725 1392 784 1455 per
818 1370 932 1435 literas
962 1376 1091 1436 nostras
1118 1376 1271 1457 patentes
1300 1370 1510 1437 universitati

460 1471 679 1537 comitatuum
702 1476 891 1538 nostrorum
917 1493 975 1559 per
997 1472 1153 1561 Angliam
1179 1473 1320 1539 directas
1343 1475 1513 1539 mandavi·

460 1596 535 1638 mus
560 1574 648 1661 quod
671 1574 846 1641 Dominica
870 1576 1023 1661 proxima
1047 1581 1123 1662 post
1147 1574 1270 1641 festum
1293 1576 1329 1641 B.
1353 1576 1445 1642 Petri
1469 1577 1512 1641 ad

461 1676 603 1741 Vincula
617 1675 692 1741 sitis
707 1676 750 1741 ad
764 1698 825 1743 nos
839 1676 1029 1756 Londoniae,
1045 1700 1118 1743 cum
1134 1680 1228 1765 equis
1243 1680 1399 1759 sturmis,
1416 1701 1513 1767 super

459 1778 637 1864 praemissis
659 1800 726 1844 una
748 1800 822 1844 cum
845 1780 920 1845 aliis
950 1780 1161 1867 magnatibus
1190 1781 1311 1847 nostris
1341 1781 1509 1847 consilium

459 1888 494 1947 et
516 1881 678 1947 auxilium
708 1881 911 1968 impensuri3
942 1887 978 1947 et
1007 1883 1216 1969 postmodum
1246 1883 1512 1970 significaveritis

458 1983 547 2069 quod
569 1989 703 2069 propter
725 1984 893 2049 molestias
916 1992 951 2049 et
972 1986 1168 2071 gravamina
1190 2008 1264 2071 quae
1286 1984 1456 2051 Jobannes
1471 1986 1511 2052 de

322 2106 325 2114 ·
458 2085 581 2171 Eyvill,
596 2087 620 2150 J
621 2086 767 2152 ohannes
782 2086 823 2153 de
839 2086 955 2173 Vescy,
973 2086 1115 2153 Thomas
1132 2088 1172 2155 de
1192 2088 1369 2168 Moletone,
1386 2089 1512 2155 Willel-

457 2209 532 2253 mus
564 2187 750 2274 Marmyon,
785 2194 819 2255 et
851 2188 1022 2255 Gilbertus
1056 2190 1097 2255 de
1128 2190 1323 2278 Unfrayvill
1354 2192 1448 2257 vobis
1478 2197 1512 2258 et

343 2332 346 2340 ·
457 2292 576 2357 vestris
606 2290 726 2357 inferre
756 2292 924 2371 nituntur,
948 2314 1008 2379 per
1041 2292 1150 2379 quod¹
1182 2292 1253 2360 sine
1275 2296 1369 2380 gravi
1392 2294 1511 2361 damno

457 2395 500 2458 ad
533 2414 594 2459 nos
625 2394 724 2461 dictis
754 2394 808 2459 die
842 2400 876 2459 et
910 2395 981 2461 loeo
1014 2396 1129 2462 venire
1161 2419 1228 2462 non
1263 2398 1419 2485 potestis:
1450 2421 1511 2463 nos

456 2518 558 2582 grave
587 2498 770 2583 periculum
797 2498 885 2583 quod
916 2498 1011 2564 nobis
1042 2504 1077 2565 et
1107 2500 1171 2565 toti
1202 2520 1303 2587 regno
1326 2506 1439 2567 nostro
1469 2523 1511 2566 ex

456 2599 606 2664 adventu
620 2599 852 2685 praedictorum
867 2600 1126 2687 alienigenarum
1144 2602 1297 2668 imminet
1311 2604 1355 2669 ad
1369 2624 1512 2690 praesens

457 2702 493 2764 in
515 2702 626 2766 animo
648 2702 866 2781 revolventes,
888 2702 984 2768 vobis
1014 2704 1136 2769 iterato
1159 2704 1362 2786 mandamus,
1385 2707 1420 2770 in
1446 2707 1511 2773 fide

456 2809 491 2869 et
513 2804 666 2891 homagio
689 2805 808 2890 quibus
829 2805 926 2870 uobis
948 2807 1108 2871 tenemini
1130 2806 1270 2873 firmiter
1291 2808 1512 2896 injungentes,

457 2912 621 2994 quatenus
650 2908 756 2973 modis
779 2909 930 2975 omnibus
952 2911 1027 2975 sitis
1049 2911 1092 2976 ad
1122 2932 1182 2976 nos
1208 2911 1278 2976 looo
1301 2917 1336 2978 et
1368 2913 1510 2980 termino

455 3010 662 3096 supradietis.
1394 3093 1395 3096 Ἴ

501 3113 733 3178 Mandavimus
789 3114 877 3178 enim
931 3115 1098 3201 praedictis
1151 3115 1308 3196 Johanai,
1352 3118 1377 3183 J
1378 3119 1509 3200 ohaam,

456 3214 599 3294 Thomas,
616 3213 789 3296 Willelmo,
807 3222 841 3282 et
862 3216 1020 3296 Gilberto,
1036 3217 1125 3304 quod
1147 3241 1168 3283 a
1189 3219 1357 3297 molestiis,
1373 3221 1509 3299 damnis,

456 3338 515 3380 seu
536 3316 785 3402 gravaminibus
810 3318 902 3384 vobis
932 3325 992 3384 aut
1017 3319 1135 3386 vestris
1158 3323 1303 3406 personis
1325 3322 1379 3388 vel
1412 3324 1508 3388 rebus

456 3419 634 3485 inferendis
664 3420 797 3484 omnino
831 3420 1000 3486 desistant.
1047 3422 1093 3486 Et
1126 3427 1166 3487 ut
1199 3423 1242 3488 ad
1275 3446 1335 3489 nos
1365 3427 1509 3490 securius

455 3521 569 3586 venire
610 3521 751 3608 possitis,
792 3521 906 3588 literas
943 3527 1072 3588 nostras
1109 3524 1204 3590 vobis
1241 3533 1275 3591 et
1313 3527 1509 3612 quibusdam

456 3624 531 3688 aliis
561 3624 773 3710 magnatibus
803 3625 843 3690 de
870 3626 1021 3711 partibus
1052 3626 1238 3692 borealibus
1270 3629 1435 3695 mittimus
1467 3631 1508 3694 (le

456 3727 628 3793 conductu.
675 3727 721 3792 Et
743 3727 779 3791 in
809 3729 966 3812 praesenti
991 3729 1185 3795 necessitate
1215 3736 1329 3796 nostra
1351 3737 1386 3798 et
1415 3735 1508 3819 regni

456 3830 563 3895 nostri
584 3830 774 3896 nullatenus
797 3830 963 3896 omittatis
985 3831 1067 3917 quin
1090 3831 1187 3898 dictis
1210 3833 1263 3898 die
1286 3839 1320 3900 et
1339 3834 1410 3901 loco
1430 3857 1507 3900 cum

456 3937 530 3998 toto
552 3932 688 3998 servitio
710 3936 820 3997 vestro
850 3932 945 3998 nobis
968 3933 1089 4013 debito,
1112 3939 1147 4000 et
1180 3940 1252 4002 toto
1282 3957 1374 4024 posse
1397 3942 1508 4004 vestro

456 4041 491 4100 et
525 4034 702 4101 amicorum
728 4037 913 4099 vestrorum
947 4035 1035 4121 qnod
1068 4037 1253 4123 perquirere
1284 4039 1436 4128 poteritis
1465 4042 1509 4106 ad
1558 4120 1562 4128 .

457 4158 517 4201 nos
530 4136 681 4214 veniatis
698 4143 738 4202 ut
760 4137 1000 4203 conservationi
1024 4138 1112 4224 pacis
1134 4144 1256 4206 nostrae
1271 4146 1306 4206 et
1328 4141 1508 4208 defensioni

457 4238 551 4324 regni
572 4240 678 4305 nostri
701 4237 864 4304 salubrius
890 4240 1110 4326 provideatur.

511 4340 607 4406 Teste
629 4362 704 4427 rege
719 4341 807 4427 apud
831 4341 862 4406 S.
879 4340 1018 4406 Paulum
1043 4341 1230 4423 Londoniae,
1246 4349 1361 4412 octavo
1384 4348 1509 4416 decimo

459 4443 513 4507 die
535 4442 628 4508 Julii.

460 4605 681 4613 -ffl—-m-
720 4607 749 4612 ....
784 4607 799 4612 -
857 4607 874 4612 μ
949 4607 1222 4616 ...ψ--ψ-.-.ι-...η-η.
1235 4611 1240 4614 -

1270 4611 1275 4616 -
1288 4611 1390 4618 ...ο-.-
1400 4613 1404 4618 .
1415 4611 1505 4619 -η--α-

576 4683 584 4715 ⁸
599 4701 645 4748 per
654 4684 730 4750 qaod]
744 4685 779 4737 So
790 4683 847 4737 MS.
882 4685 939 4738 The
949 4687 1031 4740 words
1042 4703 1133 4754 appear
1144 4697 1170 4740 to
1181 4691 1212 4745 be
1227 4691 1373 4744 redundant
