3609 5800
420 866 484 929 160
576 877 923 928 normannorum
946 877 1153 938 nrsromcsu
1178 878 1325 928 sumens

419 1057 568 1144 pertibus
605 1058 736 1137 vestris,
773 1059 858 1124 sicut
895 1079 954 1145 per
998 1061 1128 1123 vestras
1173 1057 1285 1123 literas
1338 1055 1469 1144 plenius

419 1160 653 1239 intelleximus,
686 1181 747 1226 nos
778 1159 994 1239 certificastis,
1016 1159 1112 1227 vobis
1144 1160 1316 1228 referimus
1349 1159 1471 1224 multas

250 1267 618 1443 Represenagmtidderum
641 1388 715 1431 cum
739 1365 941 1453 Reginaldus
975 1365 1017 1431 de
1040 1365 1203 1431 Pontibus
1225 1369 1260 1430 et
1282 1365 1470 1452 Margareta

250 1446 399 1510 ⁵f⁹⁰⁸⁸¹b¹⁶’
418 1488 503 1533 uxor
533 1468 612 1554 ejus,
635 1467 764 1555 quibus,
787 1473 828 1534 ut
863 1467 979 1547 nostis,
1003 1472 1129 1534 certum
1155 1466 1244 1534 diem
1266 1464 1469 1555 praefiximus

250 1513 378 1643 pqpqqof
417 1571 507 1657 apud
522 1569 757 1658 Burdegeliam
770 1570 808 1636 in
830 1570 1000 1656 quindena
1014 1569 1149 1636 Paschae
1164 1569 1285 1636 ultimo
1299 1573 1469 1634 transacta

250 1645 393 1762 {iffi}
417 1694 516 1759 super
547 1671 633 1739 facto
666 1673 708 1739 de
731 1674 907 1761 Brygerac,
930 1677 964 1738 et
998 1672 1056 1758 qui
1087 1695 1108 1738 a
1141 1672 1194 1737 die
1217 1671 1276 1737 illo
1299 1676 1469 1736 contuma-

417 1775 499 1840 citer
520 1781 731 1855 recesserunt,
747 1774 830 1841 falso
845 1779 1027 1841 asserentes
1049 1773 1114 1840 sibi
1124 1773 1291 1861 justitiam
1307 1771 1470 1858 denegari,

417 1899 524 1963 nuper
544 1877 711 1942 malitiose
733 1882 996 1964 procuraverunt
1017 1897 1078 1942 nos
1111 1877 1155 1942 ed
1181 1875 1362 1942 instantem
1385 1897 1470 1940 cras·

417 1980 526 2044 tinum
564 1979 595 2044 S.
631 1979 770 2045 Martini
807 2001 917 2045 coram
955 1978 1088 2044 domino
1126 2000 1202 2066 rege
1240 1977 1388 2043 Franoiae
1427 1976 1470 2040 ad

414 2081 582 2167 justitiam
620 2081 685 2147 sibi
722 2081 910 2148 faciendum
948 2103 1046 2169 super
1082 2081 1143 2147 hoc
1179 2080 1266 2147 facto
1311 2079 1469 2166 praedicto

418 2183 522 2261 citari,
545 2189 580 2249 et
601 2185 702 2250 etiam
724 2206 783 2271 pro
806 2185 945 2250 diversis
967 2183 1174 2271 negotiorum
1196 2183 1379 2271 generibus
1395 2203 1469 2267 quse

418 2287 515 2351 nobis
529 2285 710 2352 literatorie
725 2286 944 2374 significastis,
959 2307 1019 2372 pro
1034 2285 1154 2371 quibus
1178 2285 1279 2350 etiam
1303 2283 1469 2369 adjornati

418 2389 498 2453 estis
513 2410 623 2454 coram
645 2388 782 2475 praefato
796 2409 895 2475 rege3
917 2387 1097 2474 plurimum
1113 2386 1249 2474 expedit
1271 2386 1359 2472 quod
1382 2386 1469 2451 dicto

418 2490 472 2556 die
498 2490 542 2556 ad
568 2491 693 2556 curiam
721 2490 802 2556 dicti
827 2491 922 2577 regis,
945 2494 1015 2555 tam
1042 2511 1101 2576 pro
1130 2488 1218 2555 facto
1248 2488 1291 2554 de
1317 2487 1470 2574 Brigerac

418 2615 517 2679 quam
532 2594 606 2659 aliis
620 2617 695 2681 quae
709 2593 806 2660 nobis
829 2592 1051 2680 significastis,
1068 2591 1284 2678 personaliter
1299 2589 1468 2656 accedetis.

419 2696 518 2762 Unde
548 2697 643 2762 vobis
672 2695 867 2761 mandamus
893 2695 982 2781 quod
1011 2693 1118 2760 modis
1148 2693 1309 2770 omuibus,
1339 2693 1368 2759 si
1397 2691 1468 2757 fieri

417 2797 550 2883 poterit,
564 2797 644 2862 illuc
663 2797 815 2884 veniatis,
830 2800 892 2861 aut
907 2795 1050 2882 aliquem
1075 2795 1116 2860 de
1139 2794 1259 2860 vestris
1273 2794 1469 2881 prudentem

419 2905 454 2966 et
481 2901 564 2966 bene
598 2900 798 2966 instructum
835 2899 871 2965 in
901 2897 1079 2985 praemissis
1109 2897 1262 2976 mittatis,
1288 2897 1330 2962 ad
1360 2895 1469 2962 vindi·

418 3002 560 3067 candum
575 3006 609 3068 et
623 3002 894 3089 prosequendum,
910 2998 967 3067 et¹
989 3002 1068 3086 jura
1082 3006 1196 3067 nostra
1211 3022 1320 3066 coram
1332 2998 1469 3087 praefato

417 3110 553 3191 regest
576 3104 618 3168 ad
644 3103 889 3169 informandum
917 3104 1112 3190 magistrum
1136 3102 1306 3169 Simonem
1333 3102 1469 3168 dover-

418 3206 507 3273 oellis
522 3213 556 3272 et
571 3205 653 3271 alios
668 3211 893 3293 procuratores
914 3212 1044 3271 nostros
1067 3226 1148 3291 quos
1173 3206 1216 3271 ad
1231 3205 1354 3271 curiam
1379 3206 1469 3270 illam

419 3309 508 3374 dicto
538 3308 591 3373 die
621 3308 792 3374 mittemus
820 3330 880 3396 pro
918 3308 1061 3395 negotiis
1094 3308 1217 3374 nostrie
1247 3307 1469 3395 expediendis,

418 3416 517 3499 prout
543 3415 654 3476 vestro
679 3410 847 3476 mediante
874 3411 1009 3477 consilio
1031 3410 1178 3477 viderint
1204 3410 1364 3497 expedire

252 3535 365 3588 werin
464 3514 628 3579 Praeterea
650 3512 691 3578 de
713 3514 875 3579 escambio
897 3536 918 3579 a
940 3514 1098 3601 praedicto
1132 3534 1208 3601 rege
1230 3512 1388 3600 capiendo
1410 3534 1470 3601 pro

252 3605 389 3670 ΨΜ·
419 3615 516 3681 terris
548 3620 583 3681 et
613 3614 717 3680 leodis
747 3637 822 3701 quse
853 3616 942 3681 idem
975 3638 1035 3682 rex
1066 3614 1208 3681 retinuit
1230 3616 1266 3680 in
1288 3637 1388 3682 manu
1411 3638 1471 3681 sua

252 3672 398 3802 didimi.
420 3716 592 3783 eonsilium
637 3716 831 3783 habebimus
876 3719 1119 3805 tempestivum.
1165 3717 1211 3783 Et
1256 3718 1334 3804 quia
1378 3719 1470 3784 nullo

252 3803 358 3921 ἔξω
420 3819 515 3886 nobis
548 3820 589 3884 iit
622 3819 845 3906 compensatio
876 3826 975 3887 terres
1006 3842 1106 3907 quam
1140 3841 1245 3887 comes
1268 3820 1470 3887 Pietavensis

420 3926 514 3988 tenet
544 3921 580 3985 in
613 3920 746 3986 dioecasi
770 3921 972 4003 Caturcensi,
996 3922 1046 3989 W.
1070 3922 1211 4011 priorem
1234 3922 1274 3988 de
1298 3922 1414 3989 Mauso
1436 3930 1471 3988 et

419 4022 637 4089 Amaluinum
681 4021 723 4088 do
767 4022 902 4090 Vas-iseo
947 4024 1087 4091 militem
1131 4046 1191 4111 pro
1228 4030 1321 4113 parte
1358 4032 1471 4091 nostra

419 4127 669 4211 assignavimus,
714 4126 758 4190 ad
802 4126 1058 4193 aestimationem
1096 4148 1155 4193 sou
1193 4127 1468 4215 appretiationem

419 4235 516 4297 terrae
538 4227 731 4316 Agenensis,
764 4236 799 4294 et
831 4229 875 4295 ad
906 4228 1154 4317 inquisitionem
1177 4229 1329 4294 detersa
1351 4228 1468 4296 Catur-

419 4333 508 4397 oensi
540 4330 726 4397 faciendam
755 4352 815 4417 pro
847 4336 942 4419 parte
973 4335 1094 4411 nostra,
1118 4331 1263 4418 qualiter
1284 4336 1381 4399 tense
1404 4332 1469 4401 illro

419 4456 440 4498 a
461 4434 593 4521 regibus
617 4433 748 4521 Angliae
771 4434 813 4498 ad
836 4440 955 4499 manus
976 4433 1100 4500 alienas
1122 4434 1334 4501 devenerunt.
