3609 5800
472 870 537 935 244
627 886 742 935 nomn
764 886 837 935 sun
860 887 976 937 orsas
999 887 1202 937 sssromcsn
1225 886 1373 937 sumans

969 1173 1039 1239 DC.

651 1305 782 1373 Hsusr
805 1307 873 1377 111.
896 1325 939 1373 ro
963 1308 1103 1374 Rosmr
1125 1308 1336 1375 Wsnsssuu.

757 1443 829 1506 (Rot.
841 1443 898 1493 Pae
912 1447 944 1494 47
957 1443 1198 1505 Hen.111.,memb.
1213 1446 1264 1508 16.)

305 1568 403 1685 Regae,
473 1557 591 1724 salBsteg
614 1558 759 1625 Roberto
781 1559 990 1638 Waleraund,
1015 1560 1144 1625 custodi
1175 1560 1329 1646 Quinque
1356 1560 1524 1635 Portum,

523 1682 545 1723 u
582 1682 622 1725 m.

306 1773 377 1837 Keep
388 1773 430 1822 the
519 1762 603 1827 Cum
644 1785 742 1850 super
782 1764 1051 1830 contentionibus
1093 1765 1182 1830 inter
1221 1764 1358 1831 barones
1395 1770 1524 1829 nostros
1635 1832 1640 1841 ,

306 1842 444 1956 ξξξζξῇ
475 1864 629 1953 Quinque
654 1867 817 1933 Portuum
832 1873 867 1933 et
882 1867 1030 1933 homines
1053 1872 1183 1933 nostros
1210 1868 1250 1933 (16
1266 1868 1388 1954 Magna
1403 1867 1524 1932 oerne-

305 1987 365 2051 696
376 1974 407 2021 or
418 1974 461 2022 the
473 1969 570 2032 muth
586 1968 713 2033 dudum
728 1968 873 2035 subortis
895 1969 1060 2035 ordinatio
1085 1969 1175 2056 pacis
1200 1970 1241 2035 de
1262 1970 1397 2035 oonsilio
1412 1972 1523 2033 nostro

305 2038 443 2155 {wad
472 2068 661 2156 provisum¹
685 2071 732 2137 sit
754 2072 797 2137 ad
819 2078 945 2137 certum
976 2072 1073 2149 diem,
1103 2079 1138 2138 et
1176 2071 1217 2137 ds
1246 2078 1360 2137 nostro
1389 2070 1523 2137 oonsilio

305 2172 409 2289 goffi-
473 2173 553 2260 ipsis
582 2174 800 2260 praesentibus
838 2174 1026 2239 condictum
1068 2180 1102 2239 et
1132 2180 1342 2261 piseoeptum,
1379 2179 1419 2239 ut
1456 2196 1522 2260 pax

394 2275 401 2289 '
472 2281 588 2340 nostra
602 2276 730 2363 plenius
753 2276 910 2342 intereos
934 2277 1068 2341 interim
1089 2277 1281 2343 observetur
1293 2302 1301 2358 ;
1322 2277 1417 2342 vobis
1431 2298 1522 2340 mau-

474 2378 589 2443 damus
615 2379 703 2465 quod
725 2400 784 2465 per
807 2400 920 2445 omnes
942 2383 1058 2465 portus
1078 2383 1208 2445 nostros
1223 2378 1396 2466 praedictos
1411 2378 1522 2463 hujus-

472 2480 562 2545 modi
585 2503 698 2567 paoem
724 2488 871 2547 nostram
896 2480 1031 2546 clamari
1055 2486 1091 2546 et
1113 2480 1218 2547 teneri
1233 2480 1370 2559 facietis,
1385 2481 1523 2545 firmiter

473 2582 661 2649 inhibentes
690 2604 733 2647 ex
769 2589 862 2669 parte
899 2588 1012 2648 nostra
1050 2606 1092 2649 ne
1127 2582 1184 2670 qui
1222 2604 1334 2649 eorum
1378 2582 1523 2669 praefatis

472 2682 662 2749 hominibus
685 2686 808 2750 nostris
838 2686 880 2750 de
905 2685 1117 2762 Gernemuth,
1142 2708 1199 2751 seu
1230 2685 1302 2751 vioe
1332 2706 1436 2765 versa,
1467 2706 1523 2771 per

473 2791 596 2851 terrem
621 2786 676 2851 vel
698 2808 757 2872 per
786 2808 915 2873 aquam,
941 2788 1023 2853 oitrs
1049 2787 1290 2853 ordinationem
1320 2787 1521 2873 praedictam,

472 2886 534 2953 sub
560 2909 660 2976 poena
688 2888 871 2955 amissionis
900 2889 1095 2956 libertatum
1126 2913 1259 2956 suarum
1289 2890 1446 2956 damnum
1472 2889 1523 2954 in-

471 2988 580 3053 serant
600 2990 655 3054 vel
676 3011 861 3077 gravamen.
909 2991 951 3056 In
973 2993 1074 3077 cujus,
1098 2997 1158 3058 eto

517 3091 614 3156 Teste
643 3097 683 3157 ut
706 3115 804 3179 supra
828 3093 920 3180 [rege
944 3095 1031 3180 apud
1059 3095 1413 3182 westmonasterium}
1437 3095 1522 3160 viee·

472 3192 555 3258 simo
581 3193 636 3259 die
660 3193 840 3260 Februarii.

752 3400 1205 3414 -ψ-ῄ-..μ--ᾑ-

936 3549 1024 3616 DOI.

495 3683 650 3752 Lmrsss
673 3687 812 3756 Parma
834 3707 878 3755 or
900 3691 1015 3756 Suros
1038 3709 1085 3758 ns
1108 3693 1312 3772 Mosrsoas,
1335 3693 1433 3760 Euan
1456 3711 1498 3759 os

765 3795 965 3876 messrss,
988 3815 1061 3864 sun
1082 3816 1223 3868 osseus.

786 3927 912 3992 (chapter
922 3929 1010 3980 House
1021 3931 1207 3998 Miscellanea.)

424 4079 431 4103 ‚
517 4030 691 4097 Universis
721 4032 847 4100 Christi
871 4035 1026 4102 fidelibus
1054 4045 1231 4124 praesentes
1260 4039 1374 4105 literas
1403 4040 1521 4106 visuris

472 4133 526 4198 sel
551 4133 723 4213 audituris,
746 4134 862 4203 Simon
888 4138 930 4204 (16
957 4139 1071 4205 Monte
1092 4141 1186 4207 Forti
1208 4163 1314 4208 comes
1327 4143 1519 4221 Leioestriae,

473 4234 636 4302 Hemious
666 4239 707 4304 (16
748 4238 864 4305 Monte
893 4240 998 4321 Forti,
1027 4243 1145 4310 Petrus
1181 4245 1221 4310 de
1263 4245 1378 4312 Monte
1418 4247 1521 4326 sorti,

472 4337 636 4404 Robertus
658 4339 699 4406 de
725 4340 800 4420 Itos,
826 4347 862 4408 et
884 4343 943 4407 alii
965 4344 1104 4412 barones
1130 4352 1164 4413 et
1188 4347 1309 4414 milites
1334 4349 1397 4414 sibi
1420 4349 1523 4414 inhae-

471 4448 589 4520 rentes,
613 4442 755 4509 salutem
781 4446 818 4510 in
843 4446 995 4513 Domino.

480 4644 672 4654 ---—-.-.—

539 4769 544 4799 ¹
559 4771 698 4838 promtum]
718 4773 793 4824 Some
805 4775 888 4826 words
899 4791 991 4842 appear
1002 4783 1028 4826 to
1040 4777 1104 4828 have
1115 4779 1178 4828 been
1190 4777 1296 4830 omitted
1307 4779 1390 4830 before
1400 4779 1458 4830 this.
