3609 5800
400 885 444 949 44
557 898 671 947 noran
692 896 764 947 nnn
787 898 903 947 ornan
925 898 1126 947 aaronem
1148 897 1296 947 amaras

231 1100 389 1152 wronoand
443 1086 608 1152 Praeterea
629 1085 740 1151 sciatis
764 1085 852 1172 quod
875 1084 1000 1150 Wrono
1023 1088 1059 1149 et
1081 1082 1204 1169 Eynon
1225 1084 1370 1163 Vachan,
1394 1086 1452 1171 qui

232 1169 360 1301 {fflm
401 1192 480 1253 sunt
489 1188 524 1251 in
533 1187 789 1274 prisonavestra
800 1186 889 1275 apud
905 1186 1076 1263 Cestriam,
1085 1186 1168 1252 mihi
1183 1192 1454 1253 monstraverimt

232 1302 343 1379 offense·
400 1290 489 1376 quod
511 1311 630 1355 uxores
654 1295 690 1357 et
703 1311 821 1377 pueros
852 1310 929 1356 suos
951 1290 988 1354 in
1018 1293 1142 1355 terram
1172 1293 1317 1355 vestram
1337 1290 1453 1355 venire

232 1376 322 1437 cunty.
399 1392 520 1459 facient
542 1397 577 1459 et
599 1392 689 1479 quod
709 1391 794 1459 bene
809 1396 843 1457 et
857 1391 1001 1457 fideliter
1026 1390 1122 1457 vobis
1143 1391 1298 1470 servient,
1312 1397 1348 1457 et
1363 1392 1452 1478 quod

399 1494 549 1561 inimicos
582 1500 710 1561 vestros
739 1498 811 1560 toto
843 1514 937 1581 posse
970 1515 1030 1559 suo
1063 1493 1260 1579 gravabunt,
1288 1499 1323 1560 et
1344 1499 1452 1560 totam

399 1598 609 1665 securitatem
631 1618 731 1684 quam
753 1596 928 1663 consilium
949 1600 1100 1662 vestrum
1113 1596 1287 1682 providere
1309 1597 1453 1663 voluerit

399 1701 495 1767 vobis
517 1701 593 1767 inde
614 1701 737 1767 facient
759 1698 939 1766 secundum
962 1720 1056 1786 posse
1077 1720 1198 1765 eorum

232 1816 343 1865 Mesen-
445 1804 555 1885 Unde,
570 1804 599 1870 si
621 1804 738 1891 placet,
760 1801 970 1868 voluntatem
991 1805 1137 1867 vestram
1160 1802 1245 1867 mihi
1266 1802 1451 1890 significare

232 1882 366 2013 {iiiios
398 1906 529 1987 velitis3
551 1910 586 1971 et
600 1905 713 1971 sciatis
727 1903 818 1992 qnod
832 1904 1021 1992 capellanus
1035 1902 1149 1969 fratris
1178 1903 1305 1969 domini
1330 1904 1450 1991 Rogeri

234 2009 441 2078 sin(²)l1tvede
475 2008 590 2073 Monte
622 2006 703 2073 Alto
728 2005 823 2072 venit
856 2029 878 2071 a
916 2005 1056 2088 Pariseo,
1095 2006 1153 2093 qui
1189 2006 1278 2071 vidit
1313 2006 1451 2071 nuncios

232 2082 365 2199 ξῗὲξξῗ
401 2108 548 2177 domini¹
572 2110 702 2196 nepotis
724 2108 828 2174 vestri
858 2108 949 2195 apud
979 2129 1090 2195 regem
1120 2107 1278 2174 Francius.
1331 2106 1451 2174 Valeat

400 2212 492 2301 regia
514 2212 668 2298 majestas
692 2216 803 2277 vestra
817 2233 875 2298 per
897 2215 1049 2296 tempora
1070 2210 1225 2297 longiora.

805 2646 1025 2714 CCCCXLII.

425 2842 629 2918 Manciam,
652 2839 832 2905 Counrrss
854 2852 898 2902 or
922 2837 1109 2903 Fannnaas
1132 2853 1206 2904 nnn
1230 2838 1429 2919 Heraeum,

785 2957 828 3004 ro
851 2939 983 3004 Hunni
1005 2939 1072 3005 III.

746 3087 842 3153 (Royal
852 3087 959 3150 Letters,
970 3087 1019 3138 llo.
1033 3089 1102 3152 1³2.)

292 3235 297 3246 ·
343 3234 350 3260 ‚
448 3191 632 3258 Excellenti
667 3195 701 3255 et
736 3188 902 3255 carissimo
937 3188 1070 3254 domino
1102 3211 1162 3256 suo
1197 3191 1354 3269 Henrico,
1388 3193 1451 3259 Dei
1526 3209 1530 3213 ’

301 3301 308 3314 “
402 3299 511 3386 gratia
544 3299 613 3385 regi
644 3295 784 3383 Angliae,
809 3295 941 3361 domino
971 3295 1138 3376 Yberniae,
1170 3297 1384 3364 Nonnanniae
1417 3305 1453 3365 et

403 3401 595 3488 Aquitaniae
643 3400 730 3478 duci,
773 3403 808 3464 et
852 3397 967 3465 comiti
1005 3400 1219 3486 Andagaviae,
1266 3401 1453 3488 Margareta

403 3504 568 3571 mmitissa
590 3502 754 3568 Flandriae
773 3507 809 3568 et
831 3500 1029 3587 Haynoniae,
1044 3501 1185 3567 salutem
1208 3506 1338 3568 etcum
1363 3505 1453 3569 omni

404 3607 578 3673 dilectione
613 3610 648 3671 et
681 3604 803 3671 honore
835 3609 986 3692 paratam
1018 3604 1060 3670 ad
1099 3604 1306 3692 beneplacita
1336 3605 1453 3672 volun-

403 3715 514 3775 tatem.

235 3840 322 3903 191„
333 3852 384 3903 you
450 3811 534 3878 Cum
558 3807 726 3876 Thirricus
749 3809 858 3874 dictus
874 3808 1025 3894 Palding,
1049 3810 1091 3874 de
1120 3815 1210 3874 terra
1239 3815 1354 3876 nostra
1370 3812 1451 3877 ban·

236 3906 337 4021 ²thgi
405 3916 504 3993 nitus,
526 3913 563 3978 in
584 3933 685 4000 regno
714 3917 826 3977 vestro
860 3917 1079 3989 conversetur,
1102 3912 1187 3978 sieut
1216 3911 1452 3996 intelleximus,

239 3988 349 4102 larcin}
405 4023 550 4084 vestram
561 4035 711 4102 rogamus
727 4013 985 4079 dominationem
1000 4019 1137 4094 attente,
1147 4019 1311 4102 qnatenus
1327 4018 1453 4083 dictum

237 4105 383 4236 ffiflffigg·
404 4121 578 4187 bannitum
595 4121 745 4183 nostrum
759 4117 788 4181 si
802 4116 945 4181 inveniri
967 4117 1071 4202 possit
1085 4117 1158 4204 capi
1180 4125 1215 4184 et
1237 4118 1455 4205 imprisonari,

237 4237 302 4288 land.
404 4224 459 4289 vel
480 4223 509 4288 si
538 4222 622 4287 forte
653 4220 759 4286 teneri
790 4241 858 4284 non
880 4220 992 4306 possit,
1016 4241 1037 4284 a
1058 4241 1160 4308 regno
1190 4225 1301 4287 vestro
1333 4223 1453 4309 expelli

406 4348 463 4414 pro
486 4345 596 4390 amore
630 4329 743 4389 nostro
772 4321 927 4406 jubeatis
984 4321 1150 4387 Timemus
1181 4323 1269 4389 enim
1304 4325 1332 4389 si
1364 4321 1452 4390 idem

405 4428 563 4494 bannitus
584 4427 621 4491 in
644 4434 731 4490 terra
753 4430 866 4490 vestra
896 4445 990 4488 suam
1020 4423 1140 4489 habeat
1163 4427 1453 4503 conversationem,

405 4531 463 4597 ubi
486 4534 682 4596 mercatores
705 4526 810 4593 nostri
836 4525 1007 4612 Ypronses,
1029 4525 1195 4592 occasione
1226 4549 1365 4612 quorum
1398 4527 1454 4593 ille

1300 4716 1448 4727 —.---

770 4835 777 4864 ¹
795 4831 898 4898 aaran
911 4831 1043 4893 nonina,
1054 4831 1111 4882 ns.
