3609 5800
404 901 653 958 ratusraarrva
674 906 719 955 or
741 904 812 955 rna
835 903 944 956 aaron
967 906 1010 955 or
1034 904 1155 957 neser
1178 904 1229 953 111.
1277 882 1342 955 267

730 1460 906 1529 DCXXII.

316 1636 448 1703 Hansr
471 1634 535 1706 ΙΙΙ.
558 1652 603 1703 ro
624 1652 695 1703 rna
717 1638 852 1703 Brsnor
875 1654 919 1702 or
941 1636 1069 1703 Noror
1093 1652 1167 1701 arn
1189 1652 1328 1703 ornnes.

576 1788 672 1855 (Royrl
684 1788 791 1850 lettere,
801 1788 851 1841 No.
864 1792 921 1849 867,
934 1788 960 1839 in
971 1788 1068 1853 dorso.)

337 1916 411 1985 Rex
433 1918 600 2008 episeopis,
624 1925 685 1989 eta
1357 1930 1426 1996 Aug.
1440 1936 1463 1993 2,

338 2024 422 2091 Gom
451 2046 519 2111 pax
541 2025 629 2091 inter
657 2046 718 2090 noe
748 2030 784 2090 et
813 2023 951 2091 barones
972 2028 1102 2090 nostros
1125 2020 1168 2088 ed
1191 2020 1345 2089 honorem
1361 2000 1466 2050 ’Μ’

293 2126 357 2192 Dei
389 2133 425 2192 et
459 2128 574 2207 nostri,
606 2150 733 2196 necnon
770 2128 814 2193 ad
851 2131 998 2195 nostram
1036 2132 1072 2195 et
1109 2127 1202 2214 regni
1240 2126 1345 2192 nostri
1358 2116 1488 2235 Qum&

293 2230 486 2312 utilitatem,
503 2231 575 2318 jem
604 2232 690 2301 inita
719 2231 765 2298 sit
794 2236 828 2298 et
857 2232 999 2310 firmata,
1030 2230 1222 2297 benedictus
1248 2228 1502 2317 mmmmm

294 2333 504 2429 dilectionem
530 2338 683 2414 vestram,
707 2334 749 2401 de
782 2356 848 2422 qua
880 2336 1012 2401 ratione
1045 2333 1201 2421 paritatis
1227 2337 1349 2399 vestrae
1359 2317 1514 2437 tlptlevying

294 2436 329 2502 in
375 2458 478 2525 regno
523 2436 672 2507 Francia
727 2438 914 2526 specialiter
967 2436 1168 2515 confidimns,
1216 2440 1347 2505 attente
1360 2400 1503 2533 haffli-

293 2559 448 2628 rogamue
485 2549 649 2629 qnatenm
691 2564 769 2628 erga
807 2542 977 2609 dominum
1014 2547 1165 2609 nostrum
1204 2546 1238 2605 et
1277 2520 1490 2653 ves-{ffi

293 2650 383 2710 trum
416 2666 526 2733 regern
561 2646 711 2713 Francius
742 2646 905 2713 illustrem
936 2668 1030 2733 opem
1061 2650 1095 2713 et
1129 2666 1261 2732 operam
1291 2642 1346 2709 ad·

293 2746 404 2814 hibere
437 2748 557 2828 velitis,
591 2755 631 2814 ut
668 2749 821 2817 hostilem
865 2750 1047 2815 adventum
1089 2747 1347 2837 alienigenarum

293 2848 329 2916 in
365 2872 505 2940 regnum
541 2856 693 2920 nostrum
728 2850 896 2940 impediat,
929 2872 989 2920 nee
1021 2848 1227 2919 consentiat²
1260 2851 1347 2940 ipsos

292 2961 419 3020 terram
457 2962 606 3023 nostram
645 2957 798 3044 Angliae·
824 2979 883 3044 per
921 2955 1106 3022 distriotum
1145 2977 1202 3021 seu
1239 2958 1348 3043 potes·

293 3063 396 3124 tatem
428 3081 521 3125 suam
553 3059 708 3128 intrare⁸
730 3081 799 3129 non
830 3061 1036 3148 permittens,
1062 3059 1242 3148 praesertim
1273 3079 1348 3124 oum

292 3161 394 3228 simus
414 3161 512 3229 homo
544 3163 647 3250 ipsius
679 3161 781 3252 Ιὶςὶυε
802 3169 838 3229 et
870 3169 994 3230 certam
1028 3185 1139 3250 pacem
1172 3185 1247 3228 oum
1276 3161 1348 3249 ipso

292 3264 472 3344 inierimua
494 3287 555 3332 neo
584 3267 620 3332 in
651 3266 759 3352 ipsum
793 3287 851 3332 seu
881 3289 995 3354 paoem
1030 3267 1061 3333 ei
1092 3267 1282 3354 promissam
1315 3270 1349 3330 ct

294 3366 470 3434 hincinde
488 3369 659 3455 juratam*
682 3369 843 3436 credimus
865 3371 902 3435 in
925 3371 1034 3457 aliquo
1061 3389 1122 3436 noe
1144 3367 1348 3435 commisisse.

294 3469 465 3558 ingramus
502 3473 591 3539 enim
623 3472 885 3560 alienigenarum
918 3471 1106 3559 hujusmodi
1140 3475 1251 3559 posset
1281 3492 1349 3536 esse

292 3573 346 3640 vel
368 3575 411 3640 ad
433 3575 611 3642 eorundem
634 3575 839 3642 venientium
862 3575 1095 3652 confusionem,
1120 3580 1179 3641 aut
1202 3579 1349 3640 nostram

291 3683 327 3742 et
347 3677 441 3764 regni
456 3679 568 3756 nostri,
585 3699 643 3744 seu
665 3680 849 3766 utriusque,
866 3679 956 3766 qnod
972 3679 1068 3757 absit,
1084 3678 1347 3744 destructionem.

294 3779 339 3846 Et
362 3779 490 3860 exinde,
515 3787 573 3848 eto.

294 3973 378 3984 --κυ-

327 4075 823 4139 'Seeletoemlrcn’.‚1rcxxl11.÷
877 4079 1010 4144 ²latrare]
1022 4077 1127 4144 ingredi,
1136 4075 1264 4139 namra
1272 4075 1346 4124 hand·
1436 4141 1440 4144 -

325 4157 549 4223 macomeria]
564 4157 627 4208 This
638 4167 751 4209 scemam
763 4160 794 4209 be
880 4159 885 4187 ¹
897 4159 1024 4224 juratam]
1043 4157 1118 4208 Alter
1134 4154 1191 4218 this,
1211 4157 1236 4206 ia
1256 4153 1347 4219 aliquo,

295 4251 327 4286 an
356 4236 506 4288 alternative
522 4238 563 4288 for
582 4253 628 4288 aon
644 4239 794 4303 perurimur,
845 4237 914 4297 MS„
926 4239 1020 4289 erased.

291 4317 381 4367 below.
