3609 5800
428 854 450 914 8
585 861 701 915 som
721 862 797 913 AND
818 864 935 913 omna
956 864 1165 917 meroaldus
1188 868 1333 917 smnus

429 1049 587 1135 praedicto
610 1050 744 1116 domino
767 1052 964 1138 L[ewelino]
987 1053 1041 1119 vel
1071 1053 1140 1119 suis
1161 1052 1279 1130 illatas,
1302 1056 1337 1117 et
1368 1058 1480 1116 tamen

427 1152 493 1238 ipsi
513 1158 594 1218 sunt
615 1152 695 1217 boni
716 1154 813 1219 amici
835 1154 932 1220 illius.

428 1381 521 1446 posse
543 1358 646 1426 habui
676 1361 926 1429 transmittendi
948 1363 1044 1431 vobis
1066 1384 1204 1449 puerum
1235 1362 1276 1427 de
1310 1382 1375 1447 quo
1398 1360 1481 1425 mihi

429 1461 620 1539 mandastis,
648 1469 683 1529 et
720 1464 804 1531 illud
842 1466 1026 1531 monstravi
1057 1465 1234 1531 comitibus
1255 1465 1318 1530 sub
1341 1484 1479 1551 quorum

428 1569 593 1651 potestate
630 1588 712 1653 puer
744 1566 801 1633 ille
833 1567 908 1646 fuit,
939 1568 1076 1633 'assidue
1113 1572 1230 1655 petens
1260 1567 1349 1653 quod
1386 1565 1480 1631 illum

428 1667 524 1733 vobis
540 1668 754 1735 tradidissent
765 1694 773 1751 ;
796 1671 854 1756 qui
869 1670 1027 1737 dixenmt
1043 1670 1132 1756 quod
1153 1669 1238 1734 illud
1269 1668 1362 1733 nullo
1384 1668 1481 1733 modo

428 1771 501 1836 sine
531 1777 694 1858 praeoepto
717 1772 844 1837 domini
879 1772 946 1839 mei
983 1774 1135 1838 facerent.
1203 1772 1275 1858 Ego
1304 1776 1417 1836 autem
1447 1770 1483 1833 in

428 1874 570 1940 veritate
600 1880 736 1961 propter
757 1874 818 1939 hoe
840 1896 900 1961 per
922 1879 990 1940 tres
1011 1874 1147 1939 nuntios
1168 1873 1326 1938 mandavi
1348 1872 1482 1939 domino

429 1965 502 2041 meo
524 1976 614 2061 quod
643 1976 804 2063 placitum
833 1998 931 2042 suum
961 1976 1045 2041 mihi
1074 1976 1152 2042 inde
1178 1976 1401 2063 significasset,
1425 1974 1482 2039 sed

292 2122 298 2134 ·
428 2079 559 2144 nullum
583 2079 691 2144 adhue
720 2079 823 2145 habui
853 2079 1047 2145 mandatum
1077 2078 1119 2144 ab
1150 2078 1216 2154 illo,
1247 2083 1282 2143 et
1310 2078 1385 2143 ideo
1414 2098 1483 2141 non

429 2182 508 2247 veni
529 2181 573 2246 ad
596 2203 655 2248 vos
684 2182 728 2247 ad
759 2182 846 2247 diem
875 2186 1061 2263 statutum
1093 2180 1152 2246 sed
1174 2202 1275 2266 quam
1301 2180 1367 2245 cito
1389 2202 1483 2245 man-

429 2285 546 2350 datum
572 2307 669 2350 suum
699 2284 845 2350 habuero
877 2304 1081 2371 quocumque
1104 2283 1174 2349 loeo
1197 2282 1294 2349 vobis
1323 2282 1483 2371 plseuerit

429 2388 523 2454 vobis
542 2408 718 2464 occurram,
732 2386 962 2453 satisfacturus
977 2386 1070 2452 vobis
1088 2385 1125 2450 in
1145 2385 1297 2452 omnibus
1316 2408 1483 2473 proposse

428 2512 509 2556 meo.
556 2489 603 2554 Et
625 2490 655 2554 si
676 2490 712 2553 in
739 2489 904 2576 aliquibus
934 2488 1196 2577 praesumpserim
1227 2494 1399 2575 promptus
1428 2509 1484 2553 ero

429 2608 464 2660 et
485 2614 608 2680 pronus
628 2593 826 2678 subjiciendi
846 2614 963 2679 eorpus
986 2614 1096 2658 meum
1119 2590 1337 2658 dominationi
1354 2596 1483 2657 vestrm.

386 2686 390 2691 ’
429 2697 484 2774 Et,
506 2696 535 2760 si
557 2694 674 2781 plaeet,
698 2696 782 2761 nihil
808 2695 950 2761 enodatis
979 2694 1052 2761 fieri
1082 2716 1141 2781 per
1163 2716 1215 2759 me
1237 2693 1292 2761 vel
1313 2716 1373 2780 per
1394 2714 1483 2760 meos
1608 2694 1611 2701 '

428 2797 586 2883 praedicto
616 2797 811 2882 Hewelino]
843 2797 898 2865 vel
928 2797 1006 2875 suis,
1044 2796 1145 2862 donee
1182 2797 1306 2863 ven'tss
1335 2796 1482 2882 undique

428 2900 618 2985 inquiratur
639 2905 675 2964 et
697 2901 799 2965 donee
821 2899 1059 2987 eompamerim
1082 2921 1190 2966 eoram
1212 2899 1389 2987 praesentia
1410 2921 1482 2965 ves·

428 3009 491 3082 tra,
507 3001 586 3087 quia
608 3002 737 3088 siquid
759 3001 922 3088 injustum
945 3001 1044 3067 alicui
1059 3002 1183 3089 egerim
1205 3001 1317 3068 omnia
1335 2999 1484 3068 membra

429 3126 503 3170 mea
524 3110 645 3171 vestrae
675 3103 846 3189 subjiciam
868 3104 1044 3170 voluntati
1106 3105 1152 3170 Et
1182 3104 1218 3170 si'
1241 3105 1322 3192 quid
1346 3103 1426 3171 boni
1450 3109 1484 3171 et

428 3206 602 3272 fidelitatis
624 3205 792 3294 hueusque
815 3207 856 3272 de
877 3229 931 3273 me
957 3207 1098 3274 scivistis
1120 3205 1175 3274 vel
1198 3207 1347 3288 audistis,
1369 3207 1483 3295 magis,

430 3309 502 3374 Deo
524 3309 633 3387 dante,
657 3309 694 3374 in
716 3314 883 3396 posterum
906 3310 1099 3397 percipietis.
1147 3309 1270 3377 Valete.

476 3410 648 3478 Iadorsed.
694 3412 742 3491 R,
767 3411 832 3478 Dei
852 3413 964 3500 gratia
987 3412 1182 3480 Oieestransi
1207 3413 1363 3502 episeopo.

839 3821 1083 3890 OOCCXVIII.

537 3986 668 4051 Hnuar
692 3983 759 4050 III.
782 4000 825 4049 ro
847 3999 917 4048 rns
940 3983 1111 4049 Enrsaoa
1135 3981 1315 4050 annmc
1338 3983 1384 4051 ΙΙ.

643 4138 714 4201 (Ros
725 4137 810 4190 Cleua
825 4143 855 4188 19
868 4136 934 4188 Hen.
946 4137 1004 4196 111„
1013 4145 1069 4202 part
1080 4142 1112 4202 2.,
1124 4139 1214 4194 memb.
1227 4139 1265 4203 2.)

478 4264 621 4330 Domino
654 4284 731 4343 suo⁴
747 4283 786 4328 ae
820 4261 995 4348 magnifico
1030 4261 1244 4348 F[rederioo],
1279 4261 1342 4328 Dei
1375 4261 1485 4348 gratia

433 4367 584 4433 Romano
606 4365 797 4451 imperatori
822 4384 950 4450 semper
973 4363 1133 4450 Augusto,
1157 4369 1226 4444 eta,
1258 4363 1354 4430 fratri
1384 4363 1483 4430 dilee-

431 4469 569 4548 tissima
613 4467 805 4553 H[enrious]
850 4466 966 4531 eadem
1002 4467 1119 4552 gratia,
1157 4471 1225 4546 ete,
1263 4466 1412 4549 salutem,
1451 4472 1485 4533 et

431 4592 559 4658 semper
579 4567 689 4635 felioes
710 4567 752 4633 de
773 4567 925 4634 hostibus
948 4567 1141 4656 triumphos.

263 4668 354 4720 lhave
477 4673 675 4741 Venientem
696 4671 741 4736 ad
762 4693 823 4737 nos
838 4670 1021 4738 Henrioum
1036 4671 1077 4738 de
1092 4673 1191 4759 Aeps,
1206 4671 1385 4760 imperialis
1399 4671 1484 4742 aulae

263 4735 404 4868 {iiidie
432 4776 666 4856 mareseallum
700 4775 859 4842 nuntium
890 4779 1048 4858 vestrum,
1081 4775 1168 4857 laete,
1191 4775 1277 4842 siout
1306 4775 1425 4857 decuit,
1451 4781 1487 4846 et
