3609 5800
391 862 433 933 78
532 877 648 927 noran
672 878 743 927 aun
767 879 884 929 orsus
908 875 1113 929 nrsrosrcsu
1136 878 1285 927 nmruss

221 1064 270 1115 we
281 1064 340 1114 then
434 1052 680 1140 Undeprarlat',
660 1076 670 1117 1
643 1053 828 1119 tbarones
842 1074 964 1133 omncs,
977 1057 1011 1118 et
1022 1052 1162 1139 majores
1172 1052 1363 1119 villatarum
1376 1075 1444 1119 una

221 1132 355 1257 stiffi,
389 1176 463 1221 cum
484 1156 586 1222 fratre
600 1160 710 1222 vestro
733 1156 969 1221 consuluerunt
989 1156 1085 1221 nobis
1100 1176 1173 1221 cum
1196 1156 1444 1243 archiepiscopo,

220 1264 323 1313 anoudf
324 1266 358 1313 nd
389 1258 541 1345 episcopo
575 1256 759 1337 Vasatensi,
783 1262 818 1323 et
856 1258 955 1324 Petro
994 1256 1128 1335 Kailau,
1165 1258 1291 1323 intrare
1326 1257 1442 1323 villam

221 1330 290 1380 ‘¹¹⁹¹‘
278 1331 366 1445 dG‘
356 1358 583 1477 Regrrlaet
568 1360 719 1426 tliteras
745 1364 874 1425 vestras
904 1358 1138 1425 communitati
1154 1358 1288 1425 deferre.
1334 1358 1442 1439 Quam

221 1462 304 1607 ΒΓ
316 1477 358 1580 ge
332 1461 397 1514 d
389 1463 535 1549 rngressi,
559 1462 749 1529 invenimus
771 1462 808 1527 in
831 1483 869 1528 ea
892 1461 1063 1527 dominum
1079 1460 1258 1527 Gastonem
1273 1462 1314 1528 de
1329 1462 1442 1547 Byem

221 1544 620 1661 ⁰negimgrie0¹1ffl⁰ssnium
650 1566 788 1631 armatis
810 1564 864 1631 vel
893 1562 1037 1679 amplius
1066 1569 1102 1629 et
1130 1585 1284 1651 magnam
1313 1569 1442 1651 partem

221 1662 307 1712 ⁰²⁸1st
388 1666 548 1732 baronum
563 1667 796 1755 Agauensium,
811 1672 846 1731 et
868 1665 1008 1751 majores
1031 1664 1231 1732 Vasatenses
1252 1687 1327 1732 cum
1348 1688 1443 1754 posse

389 1790 455 1847 suo,
487 1770 668 1835 maximam
698 1774 828 1857 partem
857 1767 1029 1835 hominum
1064 1767 1106 1833 de
1136 1767 1172 1835 S.
1203 1767 1335 1846 Basilia,
1366 1790 1442 1835 cum

388 1893 509 1959 magna
523 1872 709 1938 munitione
724 1870 863 1937 aliorum
871 1870 1054 1947 hominum,
1065 1869 1124 1957 qui
1138 1874 1281 1937 castrum
1293 1876 1442 1937 vestrum

390 1973 527 2059 Regulus
549 1978 645 2041 nocte
668 1973 786 2060 dieque
809 1976 1096 2061 expugnaverunt,
1117 1977 1153 2041 et
1175 1972 1247 2059 ipso
1270 1972 1312 2039 de
1333 1978 1442 2040 castro

389 2076 524 2143 insimul
539 2100 557 2143 e
572 2097 728 2145 converso
751 2096 826 2143 cum
848 2075 978 2141 duabus
992 2072 1114 2141 blidis1
1138 2081 1175 2141 et
1195 2074 1270 2140 aliis
1292 2074 1440 2163 ingeniis.

220 2196 323 2250 weda
434 2178 504 2244 Nos
535 2178 688 2245 autem
679 2199 717 2244 ιιι
749 2178 929 2265 praesentia
961 2173 1195 2263 archiepiscopi
1228 2181 1264 2243 et
1298 2178 1442 2265 episcopi

221 2265 376 2395 mm}
388 2281 586 2347 tradidimus
619 2280 733 2347 literas
767 2284 893 2347 vestras
927 2278 1061 2343 domino
1094 2278 1176 2343 Gast
1161 2278 1243 2358 toni,
1265 2278 1367 2365 priori
1400 2279 1442 2345 de

221 2399 333 2459 auem,
350 2347 515 2464 “Mansa
547 2383 664 2471 majori
685 2381 870 2458 vasatensi,
893 2385 929 2447 et
958 2378 1188 2445 communitati
1217 2380 1402 2467 Regulaes
1392 2404 1443 2446 m-

221 2437 367 2529 ΜΨ
389 2491 558 2572 crepantes
580 2506 635 2552 ecs
657 2488 692 2550 et
714 2484 859 2551 maxime
881 2482 1053 2548 dominum
1070 2480 1262 2564 Gastonem,
1285 2483 1423 2570 quod
1396 2504 1443 2549 ιιι

390 2588 503 2653 villam
537 2593 682 2655 vestram
719 2586 907 2653 intraverat
943 2584 988 2650 ad
1024 2584 1305 2671 expugnationem
1341 2585 1441 2650 castri

392 2691 501 2755 vestri.
547 2690 617 2776 Ipsi
641 2710 719 2754 vero
742 2688 855 2754 literas
876 2691 1005 2752 vestras
1027 2685 1171 2772 benigne
1193 2692 1386 2773 recepenmt
1407 2692 1443 2752 et

389 2792 454 2857 tale
477 2811 668 2878 responsum
692 2790 855 2855 dederunt
841 2789 974 2874 tquale
996 2792 1031 2854 et
1053 2787 1121 2867 alii,
1143 2788 1267 2855 scilicet
1289 2789 1378 2875 quod
1398 2790 1442 2855 ad

389 2892 595 2981 Angliam
569 2915 641 2959 erne
664 2913 742 2978 pace
763 2891 819 2958 vel
841 2894 959 2978 treuga
983 2890 1099 2958 venire
1121 2912 1190 2956 non
1211 2895 1368 2980 poterant
1381 2913 1442 2959 nec

387 2997 562 3074 audebant,
580 3001 614 3061 ιι
641 2995 682 3062 de
706 2994 795 3060 iacto
810 2994 948 3080 Regulae
962 3015 1030 3060 uno
1046 2993 1160 3060 animo
1174 2999 1210 3060 et
1224 3015 1292 3061 uuo
1306 2995 1442 3061 consilio

386 3119 494 3164 coram
517 3097 685 3185 praedictis
707 3095 951 3183 archiepiscopo
972 3101 1009 3162 et
1030 3095 1184 3183 episcopo
1205 3118 1241 3162 se
1267 3118 1442 3163 mensave-

385 3205 475 3279 runt,
498 3200 644 3268 dicentes
666 3199 753 3286 quod
778 3203 893 3264 contra
916 3197 1099 3264 dominium
1117 3203 1268 3265 vestrum
1290 3199 1327 3264 in
1347 3199 1441 3265 nullo

385 3303 447 3368 hoc
461 3301 749 3389 praesumpserint3
771 3301 829 3368 sed
852 3300 938 3368 hauc
959 3321 1091 3367 causam
1105 3300 1328 3388 assignabant,
1352 3302 1441 3388 quod

385 3409 482 3470 tanta
503 3404 667 3470 discordia
688 3409 877 3468 surrexerat
898 3402 988 3468 inter
1010 3406 1120 3488 partes
1142 3402 1233 3470 villan
1247 3403 1288 3469 de
1303 3404 1440 3490 Regula,

386 3506 474 3592 quod
500 3507 543 3571 ad
574 3505 718 3572 invicem
756 3527 790 3570 se
824 3525 1015 3590 expugnare
1047 3504 1248 3591 inceperant,
1272 3506 1323 3570 ita
1352 3505 1441 3591 quod

388 3629 454 3674 una
475 3630 560 3694 pers,
583 3606 622 3672 de
652 3607 866 3694 permissione
895 3606 1134 3673 constabularii
1163 3608 1276 3689 vestri,
1299 3607 1442 3675 intravit
1522 3647 1527 3656 ·

385 3715 529 3776 castnrm
551 3714 709 3789 vestrum,
733 3713 768 3775 et
798 3707 1004 3796 expugnavit
1035 3708 1078 3774 de
1111 3713 1218 3776 castro
1250 3709 1309 3776 illo
1339 3710 1440 3775 aliam

385 3818 514 3900 partem
537 3811 642 3899 [quae]
666 3817 869 3880 remanserat
891 3811 929 3876 iu
950 3810 1041 3894 villa,
1064 3815 1100 3876 et
1122 3811 1186 3898 ipsi
1204 3812 1247 3878 ad
1278 3811 1441 3878 defensio·

386 3936 461 3980 nem
483 3935 577 3980 suam
600 3914 641 3979 de
672 3911 814 3979 inimicis
845 3913 915 3980 suis
945 3912 1005 3999 qui
1035 3917 1133 3978 eraut
1165 3913 1205 3979 in
1237 3919 1345 3980 castro
1379 3914 1441 3980 hoc

384 4017 539 4084 fecerunt.
571 4014 736 4082 Dicebant
751 4015 853 4082 etiam
868 4015 958 4102 quod
971 4014 1176 4096 senescallus,
1195 4016 1254 4102 qui
1271 4015 1440 4102 justitiam

385 4120 562 4205 unicuique
576 4121 689 4184 tenere
711 4115 881 4195 debuerat,
896 4138 972 4182 cum
997 4117 1041 4182 ad
1062 4121 1176 4204 partes
1200 4117 1276 4183 illas
1291 4123 1439 4196 venerat,

385 4220 458 4286 illos
473 4243 494 4286 a
507 4226 615 4287 castro
629 4239 696 4285 non
711 4219 846 4296 amovit,
867 4218 924 4284 sed
940 4220 1045 4306 magis
1066 4241 1122 4286 eos
1142 4220 1179 4284 in
1194 4218 1441 4307 expugnatione

385 4344 443 4389 sua
466 4322 627 4389 fovebat:
659 4321 747 4387 unde
773 4319 952 4405 pradictus
979 4320 1082 4388 Gasto
1104 4319 1235 4388 dicebat
1261 4322 1351 4407 quod
1379 4341 1441 4409 pro

386 4426 450 4492 ista
484 4423 608 4510 injuria
637 4445 711 4509 quae
743 4421 791 4490 eis
820 4421 1007 4502 videbatur,
1038 4428 1074 4490 et
1106 4423 1181 4490 aliis
1204 4423 1335 4510 injuriis
1363 4446 1439 4511 quaa

753 4765 761 4796 ¹
779 4761 864 4829 blidia]
883 4764 998 4816 doubtful
1009 4762 1036 4814 iu
1047 4763 1106 4815 MS.
