3609 5800
425 916 674 969 muusrnlrrvn
696 919 742 971 or
763 920 833 968 rsr
857 918 965 968 aaron
988 919 1032 968 or
1056 918 1178 969 ssunv
1200 918 1252 969 111.
1298 904 1362 967 205

312 1097 508 1179 cardinalis3
545 1098 667 1163 electus
701 1095 888 1184 quondam¹
936 1096 1158 1175 Adversanus,
1196 1095 1366 1162 familiaris

313 1200 439 1276 domini
455 1199 627 1278 Ottoboni,
642 1200 777 1265 natione
800 1198 1015 1279 Lumbordus,
1032 1198 1086 1265 cui
1101 1198 1210 1265 multo
1229 1198 1368 1265 crimina

313 1309 533 1391 opponuntur,
555 1303 661 1369 iactus
682 1308 732 1369 est
754 1302 908 1367 similiter
937 1300 1133 1384 cardinalis3
1158 1301 1368 1368 cancellarius

314 1407 417 1471 etiam
439 1406 566 1471 domini
587 1406 676 1493 regis
698 1405 847 1471 Francius
876 1404 999 1471 electus
1029 1404 1145 1471 extitit
1174 1404 1211 1470 in
1233 1403 1367 1490 presby-

314 1514 423 1574 terum
445 1508 667 1589 cardinalem3
689 1508 746 1595 qui
769 1508 923 1575 similiter
944 1508 1062 1574 titulos
1091 1529 1159 1573 non
1173 1506 1306 1585 babent,
1329 1528 1367 1573 eo

314 1610 403 1697 quod
422 1611 460 1676 in
483 1611 690 1677 ordinatione
712 1610 880 1676 antedicta
901 1610 1054 1677 absentes
1074 1611 1217 1678 sumunt.

358 1713 413 1778 Ad
436 1714 507 1779 baec
528 1714 611 1779 sciat
625 1714 716 1801 regia
730 1712 891 1779 celsitudo
910 1713 998 1801 quod
1013 1712 1116 1780 felicis
1130 1712 1368 1781 recordationis
1379 1724 1499 1787 muham,

314 1814 348 1882 S.
371 1815 533 1881 Ricardus
561 1816 730 1903 quondam
761 1815 932 1903 episcopus
967 1814 1189 1894 Oiosstrensis,
1220 1814 1367 1902 praelatis
1380 1792 1501 1858 formerly

315 1918 494 2005 provinciae
515 1918 709 1995 convocatis,
734 1916 789 1984 dis
811 1918 987 1984 Dominica
1009 1918 1161 2006 proxima
1182 1922 1260 1984 ante
1290 1938 1367 1983 con·
1380 1859 1535 1986 {lalisio

315 2021 498 2087 versionem
535 2021 571 2087 Β.
611 2020 708 2086 Pauli
739 2020 880 2107 apostoli
914 2042 988 2087 oum
1027 2020 1118 2087 omni
1150 2020 1367 2099 solemnitate,
1379 1994 1526 2111 2322,

314 2123 445 2211 gaudio,
479 2129 513 2190 et
544 2123 733 2211 tripu[dio],
756 2122 987 2189 assistentibus
1018 2123 1153 2189 domino
1179 2144 1273 2211 papae
1305 2121 1369 2187 ira·

314 2212 423 2291 tribus
467 2226 535 2291 suis
580 2226 616 2290 in
654 2225 789 2291 ecclesia
825 2225 982 2291 Fratrum
1021 2225 1188 2291 illisorum
1223 2224 1367 2291 Viterbii

315 2329 527 2394 canonizatus
565 2328 682 2394 extitit
718 2332 914 2406 reverenter,
950 2328 1005 2414 qui
1037 2328 1193 2415 praecepit
1222 2326 1365 2413 ejusdem

316 2429 436 2495 testum
467 2452 526 2517 per
556 2430 747 2495 universum
783 2429 945 2495 mundum
979 2430 1077 2495 tertio
1103 2452 1207 2495 nonas
1232 2429 1365 2516 Aprilis,

317 2532 441 2599 scilicet
469 2534 506 2597 in
535 2532 651 2619 vigilia
682 2532 714 2598 S.
745 2532 924 2608 Ambrosii,
947 2532 1005 2597 illa
1034 2531 1188 2597 videlicet
1217 2532 1271 2597 die
1301 2553 1365 2617 qua

317 2635 358 2700 de
380 2634 443 2702 hoo
464 2634 584 2701 saeculo
605 2635 766 2721 migravit
787 2636 831 2699 ad
858 2634 1049 2711 Dominum,
1071 2633 1261 2699 solemniter
1286 2634 1365 2699 cele·

316 2736 414 2815 brari,
451 2737 629 2803 concedens
660 2737 814 2803 omnibns
850 2735 974 2801 ibidem
1008 2735 1229 2801 existentibus
1259 2734 1366 2800 indul·

317 2842 464 2930 gentiam
493 2842 596 2907 trium
627 2863 789 2908 annorum
819 2847 855 2909 et
879 2841 984 2909 trium
1015 2838 1306 2927 quadragenarum,
1333 2845 1368 2905 et

318 2945 419 3010 etism
443 2945 636 3012 absentibus
662 2945 720 3032 qui
748 2967 871 3011 nomen
901 2943 1048 3031 ejusdem
1079 2942 1187 3010 sancti
1216 2965 1291 3008 cum
1313 2945 1367 3009 de·

317 3048 452 3114 votione
474 3048 688 3114 invocabunt.

363 3150 549 3238 Cognoscat
586 3151 719 3236 insuper
755 3149 847 3236 regia
883 3147 1044 3216 celsitudo
1082 3147 1171 3235 quod
1216 3147 1368 3213 dominus
1381 3163 1485 3229 savoya

318 3252 510 3318 ilanirsdus
541 3253 634 3340 regni
668 3251 791 3318 Siciliae
825 3257 1000 3338 occupator
1037 3251 1196 3318 solemnes
1234 3251 1368 3316 nuntios
1380 3229 1445 3346 222}
1452 3233 1518 3346 (ζῇ

317 3355 371 3422 die
392 3356 489 3422 «lovis
518 3361 598 3423 ants
620 3354 877 3424 Ocnvemionem
899 3354 935 3419 Β.
960 3352 1056 3418 Pauli
1084 3352 1128 3418 ad
1151 3353 1274 3420 curiam
1296 3352 1367 3418 des·
1381 3363 1505 3414 Menneu

316 3459 451 3537 tinavit,
474 3459 594 3545 quibus
623 3455 846 3544 componendi,
870 3455 1084 3543 transigendi,
1116 3462 1151 3520 et
1180 3461 1288 3522 status
1317 3455 1369 3521 sui

318 3561 584 3628 reformationem
607 3558 807 3648 impetrandi
827 3563 1026 3644 potestatem
1056 3563 1091 3624 st
1117 3557 1254 3645 speciale
1277 3579 1367 3624 mun-

319 3664 433 3729 datum
472 3662 639 3730 concessit.
685 3661 753 3741 Qui
781 3666 932 3726 trecenta
960 3659 1067 3725 millis
1096 3661 1266 3726 unciarum
1296 3659 1369 3726 auri

318 3766 451 3831 domino
484 3787 579 3854 pspae
601 3769 636 3830 et
658 3764 726 3829 suis
757 3762 916 3828 iratribus
947 3761 1152 3843 obtuleruut,
1181 3763 1224 3828 de
1254 3761 1366 3850 cnjus¹

318 3869 391 3934 auri
420 3867 610 3955 quantitate
639 3867 779 3954 triginta
807 3865 913 3931 millia
944 3865 1116 3932 unciarum
1146 3865 1369 3930 incontinenti

319 3970 542 4056 persolventes
563 3968 695 4049 eisdem,
719 3968 825 4055 ipsius
854 3968 928 4032 suri
952 3967 1121 4034 residuum
1148 3967 1184 4032 in
1214 3967 1367 4054 deposito

318 4093 437 4160 ponere
459 4071 587 4138 domini
607 4092 703 4160 pspae
725 4076 761 4136 et
781 4069 923 4137 fratrum
946 4070 1088 4152 nomine,
1112 4070 1183 4156 ipso
1202 4070 1236 4133 in
1258 4091 1367 4155 regem

319 4180 475 4241 coronato
484 4174 617 4261 Apuliae
632 4173 804 4250 existente,
818 4171 990 4238 humiliter
999 4169 1231 4260 promittendo,
1244 4175 1277 4234 ct
1287 4191 1368 4256 prm-

319 4277 415 4342 dictis
438 4277 572 4343 domino
594 4297 689 4363 papae
711 4279 746 4342 et
760 4273 988 4354 cardinalibus,
1005 4279 1179 4360 postquam
1195 4277 1369 4338 coronatus

322 4507 662 4517 *ψ’-...κω
674 4506 681 4512 .
754 4503 829 4512 ...Α-η.
839 4505 851 4510 μ
862 4506 868 4510 .
879 4505 894 4510 ..
939 4505 945 4510 .
957 4503 1028 4510 ..hn-
1067 4504 1141 4511 .,,.....,
1147 4505 1368 4514 ·——··-—-a-----

353 4655 360 4684 ¹
377 4654 509 4720 milon]
522 4655 639 4718 quodam,
649 4653 706 4703 MS.
725 4652 821 4712 Simon,
846 4654 852 4694 Ι
906 4651 1015 4717 '‘cujus]
1035 4667 1063 4702 so
1074 4650 1129 4702 MS.
1135 4651 1161 4716 s.
1174 4651 1189 4703 l.
1200 4650 1282 4716 hujus

321 4747 401 4785 canon
423 4735 455 4785 of
469 4733 564 4795 Padus,
580 4733 603 4782 is
621 4732 665 4782 the
682 4747 771 4796 person
782 4746 820 4782 rs·

320 4812 401 4864 sarred
410 4819 445 4865 to.
