3609 5800
433 914 683 967 mnuememvn
705 916 749 965 oe
772 918 842 967 mm
865 917 973 967 nemu
997 918 1042 967 oe
1065 918 1185 970 neum
1207 920 1257 971 111.
1329 908 1373 977 97

321 1086 373 1153 De
397 1088 544 1156 Gemmlo
574 1092 614 1157 de
647 1092 748 1158 Boeeo
772 1114 800 1158 v.
828 1090 917 1158 dolia
947 1092 988 1158 de
1022 1092 1197 1180 emptione,
1221 1100 1256 1160 et
1280 1094 1305 1181 j.
1328 1096 1372 1161 od

318 1192 448 1275 prinam.
494 1192 632 1259 Summe
654 1194 722 1281 viij.
748 1193 781 1261 ιι.
805 1217 836 1261 x.
853 1216 875 1260 e.
923 1194 975 1261 De
1002 1194 1149 1261 Emnldo
1172 1196 1213 1262 de
1228 1196 1372 1264 Laterne

213 1306 217 1311 ·
318 1314 348 1357 v.
373 1292 462 1359 dolie
483 1295 524 1361 de
546 1296 722 1384 emptione,
745 1302 780 1361 et
796 1296 820 1381 j.
846 1296 889 1361 ad
912 1301 1036 1362 rectem
1058 1296 1188 1384 prieem.
1234 1296 1372 1364 Summe

317 1393 386 1479 viij.
401 1394 435 1460 ιι.
460 1419 490 1462 x
506 1419 529 1463 e.
576 1398 625 1463 De
642 1398 792 1463 Emerioo
807 1398 921 1463 Sicerd
943 1398 990 1462 iii.
1015 1398 1104 1464 dolie
1130 1398 1170 1465 de
1195 1402 1371 1486 emptione.

318 1493 457 1563 Summe
486 1498 543 1584 iiij.
569 1500 605 1566 ii.
631 1522 662 1567 x.
689 1522 712 1565 e.
759 1498 811 1566 De
834 1498 1002 1565 Willelmo
1029 1500 1178 1567 Jordeno
1207 1502 1255 1586 iij.
1282 1501 1372 1567 dolie

318 1597 359 1662 de
381 1600 547 1686 emptione
570 1605 605 1667 et
622 1602 647 1687 j.
670 1602 713 1667 ed
736 1602 867 1689 prieem.
914 1600 1052 1667 Summe
1072 1622 1105 1669 v.
1131 1600 1165 1668 ιι
1191 1624 1223 1669 x.
1248 1624 1272 1668 e
1319 1602 1370 1669 De

316 1823 349 1867 x.
364 1824 387 1868 s.
435 1804 486 1872 De
509 1806 675 1872 Willelmo
698 1808 854 1895 Lugnene
881 1806 940 1891 iiij.
964 1806 1052 1871 dolie
1074 1804 1114 1871 de
1137 1805 1312 1893 emptione,
1335 1812 1371 1872 et

316 1904 348 1989 ij.
372 1907 415 1972 ed
438 1907 567 1994 prisum.
614 1910 751 1977 Summe
774 1908 842 1974 viii.
865 1908 900 1973 ιι.
948 1906 1000 1973 De
1030 1906 1184 1974 Johenne
1207 1908 1316 1975 Cuout
1340 1909 1368 1996 j.

317 2006 442 2075 dolium
465 2010 505 2076 de
528 2012 702 2099 emptione,
725 2016 759 2076 et
777 2012 800 2099 j.
818 2010 860 2075 ed
882 2010 1012 2096 primm.
1051 2006 1196 2089 Summe,
1220 2010 1280 2077 ts.
1318 2010 1371 2075 De

317 2110 506 2197 Augustino
522 2113 562 2178 de
579 2114 653 2199 Roy
663 2113 687 2199 j.
704 2112 829 2179 dolium
845 2112 887 2177 de
902 2110 1078 2199 emptione,
1094 2117 1129 2177 et
1139 2111 1164 2195 j.
1179 2110 1223 2176 ed
1238 2112 1368 2198 primm.

317 2212 454 2277 Summe
476 2214 495 2279 ι
521 2236 543 2279 e.
600 2215 650 2281 De
674 2214 827 2280 Enbesen
851 2213 891 2279 de
916 2212 1091 2279 Runnford
1108 2212 1134 2298 j.
1167 2212 1292 2279 dolium
1325 2214 1370 2278 od

316 2318 438 2379 rectem
461 2316 592 2402 prieem,
614 2322 649 2382 et
666 2316 691 2402 j.
715 2316 841 2381 dolium
864 2316 906 2381 de
920 2315 1097 2402 emptione
1143 2313 1280 2379 Summe
1300 2314 1321 2381 t
1344 2337 1369 2381 e.

193 2454 200 2465 ·
317 2414 369 2479 De
400 2417 497 2483 Petro
519 2418 670 2485 Pinohun
692 2418 724 2504 ij.
752 2418 841 2484 dolie
869 2416 913 2482 ed
942 2416 1072 2503 prieem.
1118 2414 1256 2481 Summo
1285 2416 1329 2483 xl.
1345 2438 1368 2481 e

317 2517 367 2583 De
391 2517 489 2585 Petro
512 2518 627 2585 Siourd
645 2520 669 2607 j.
693 2520 819 2586 dolium
842 2518 885 2583 ud
910 2522 1033 2583 rectem
1055 2516 1185 2603 primm.
1232 2517 1370 2583 Summe

315 2640 370 2685 xx
396 2642 418 2685 e
465 2622 516 2687 De
548 2621 649 2688 Petro
679 2623 720 2688 de
743 2622 954 2705 Blenkeneye
979 2618 1012 2704 ij.
1040 2618 1128 2683 dolio
1156 2618 1200 2683 od
1238 2620 1369 2706 prieam.

316 2721 453 2787 Summo
483 2724 525 2789 ιιι
551 2746 574 2790 e.
621 2724 672 2790 De
696 2724 796 2789 Petro
819 2722 935 2789 Sionrd
952 2721 976 2805 j.
1008 2720 1134 2787 dolium
1165 2722 1207 2787 ad
1238 2721 1368 2809 prieam.

316 2821 453 2889 Summe
484 2846 540 2890 xx.
576 2848 599 2892 s.
661 2825 712 2891 De
743 2825 842 2892 Petro
873 2824 915 2890 de
945 2824 1075 2890 Sereree
1101 2821 1128 2909 j.
1171 2822 1296 2887 dolium
1326 2824 1369 2889 od

314 2933 435 2992 metam
466 2928 597 3016 primm.
644 2929 782 2994 Summe
804 2950 860 2993 xx.
885 2949 909 2992 e.
955 2925 1007 2992 De
1030 2924 1195 2991 Willelmo
1219 2926 1369 3013 Longum

311 3027 335 3113 j.
351 3029 477 3094 dolium
499 3029 541 3095 ud
561 3029 691 3118 prieem.
737 3030 789 3096 De
804 3029 954 3095 Jordeno
969 3027 1184 3093 Sunteeemor
1200 3027 1226 3113 j.
1244 3027 1369 3093 dolium

315 3130 357 3194 od
398 3130 530 3217 prieem.
598 3131 734 3197 Summe
768 3153 824 3196 xx
867 3151 890 3195 e
951 3128 1003 3195 De
1049 3127 1198 3194 Jorduno
1236 3129 1367 3207 Comus,

311 3229 451 3315 juniore,
479 3231 505 3316 j.
547 3233 671 3299 dolium
711 3233 754 3299 ed
795 3232 928 3319 prinum.
991 3230 1128 3296 Summe
1150 3252 1205 3295 xx.
1232 3251 1256 3296 e
1317 3231 1369 3296 De

316 3332 461 3400 Emoldo
483 3333 598 3400 Fmtre
616 3335 641 3421 j.
665 3335 790 3401 dolium
816 3333 860 3400 ed
890 3337 1014 3400 rectam
1044 3331 1175 3418 prieem.
1231 3331 1369 3398 Summe

315 3456 369 3500 xx.
400 3457 423 3500 e
478 3435 528 3500 De
555 3435 701 3502 Euneldo
727 3435 924 3523 Comperien
941 3433 968 3520 j.
1008 3431 1135 3498 dolium
1164 3433 1207 3498 ud
1236 3433 1367 3520 prieem.

316 3535 452 3601 Summo
483 3559 537 3602 xx.
575 3561 598 3604 e
645 3537 698 3604 De
737 3537 903 3603 Willelmo
939 3535 1068 3621 Bydew
1100 3531 1126 3618 j.
1159 3533 1284 3598 dolium
1324 3535 1369 3599 od

315 3648 435 3703 rectum
472 3637 602 3726 primm
664 3637 811 3717 Summe,
840 3660 895 3704 xx
926 3635 1055 3703 eolidoe
1117 3635 1168 3700 De
1202 3634 1368 3702 Willelmo

315 3739 452 3804 Peleten
482 3740 515 3825 ij.
541 3741 628 3806 dolie
657 3741 701 3807 ed
730 3740 860 3828 prieum.
907 3739 1046 3806 Summe
1067 3735 1110 3801 ιιι
1135 3757 1159 3802 e.
1205 3737 1257 3802 De
1280 3737 1368 3823 Roy-

315 3840 438 3907 mundo
454 3841 568 3929 Longo
583 3843 615 3929 ij.
631 3843 720 3910 dolie
741 3843 785 3908 ed
806 3847 932 3908 rectem
955 3840 1084 3929 prisone
1130 3837 1269 3905 Summe
1283 3839 1328 3906 xl.
1343 3862 1367 3904 e

316 3941 367 4006 De
390 3943 536 4010 Gererdo
559 3945 599 4012 de
623 3945 780 4032 Keymnk
793 3945 826 4030 ij.
849 3943 940 4010 dolie
961 3943 1002 4008 de
1025 3937 1200 4027 emptione,
1222 3945 1258 4006 et
1274 3940 1299 4025 j.
1323 3941 1368 4005 ed

314 4044 444 4130 pnsum
502 4045 647 4125 Summe,
673 4047 730 4133 iiij
767 4045 799 4112 ιι.
858 4046 909 4112 De
943 4041 1111 4110 Wiilelmo
1144 4040 1310 4126 Reyneldi
1339 4041 1366 4126 j.

315 4145 439 4211 dolium
470 4145 513 4212 ed
552 4148 681 4235 prieem.
738 4147 875 4214 Summe
907 4167 963 4212 xx
1006 4167 1029 4211 e
1096 4141 1149 4208 De
1187 4141 1368 4208 Bonefumio

314 4247 445 4314 Loudet
470 4250 494 4334 j.
534 4249 660 4316 dolium
689 4249 733 4315 ed
772 4251 903 4336 prieem.
963 4247 1102 4314 Summe
1140 4265 1195 4308 xx
1231 4264 1254 4308 e
1315 4243 1367 4309 De

313 4349 461 4415 Jordeno
484 4349 604 4432 Ounte,
628 4353 762 4431 seniore,
781 4352 806 4438 j.
830 4350 957 4418 dolium
979 4348 1023 4415 ed
1048 4348 1180 4436 primm.
1226 4344 1367 4411 Summe

314 4471 368 4516 xx.
393 4473 418 4517 e.
466 4451 518 4518 De
549 4453 715 4519 Willelmo
748 4454 789 4520 de
823 4453 946 4518 Sancto
968 4450 1093 4516 Albino
1110 4450 1135 4536 j.
1170 4446 1296 4516 dolium
1321 4453 1367 4512 nd

204 4603 207 4608 .
312 4551 441 4637 primm.
487 4553 624 4620 Summe
649 4577 704 4622 xx.
731 4577 753 4620 e
801 4554 852 4620 De
876 4553 1023 4620 Ernoldo
1045 4551 1163 4617 Fratre
1184 4549 1209 4636 j.
1242 4548 1366 4615 dolium

314 4653 357 4717 ad
388 4655 520 4740 prieum.
579 4655 716 4724 Summa
748 4679 803 4722 xx.
843 4677 865 4722 e.
931 4657 983 4721 De
1017 4653 1116 4719 Petro
1151 4652 1304 4736 Reynero
1335 4673 1364 4715 u.

314 4755 413 4820 dolie·
431 4757 473 4822 de
499 4759 675 4845 emptione,
702 4759 845 4846 pretium
869 4763 909 4822 ut
938 4777 1044 4842 supra„
1101 4755 1239 4819 Summo
1261 4753 1316 4836 vij.
1333 4751 1366 4817 ιι.

404 4875 478 4924 von.
503 4876 539 4925 11.
1210 4871 1233 4918 o
