3609 5800
411 855 661 908 rnnusruruvr
683 855 727 906 or
749 855 820 906 rar.
842 855 950 908 rursu
972 855 1017 906 or
1038 856 1160 908 aarum
1182 857 1234 908 111.
1279 843 1345 912 se?

296 1028 484 1116 hujusmodi
515 1029 658 1118 negotiis
688 1029 811 1096 nostrin
840 1029 954 1096 arduis
975 1028 1147 1116 expeditis
1171 1027 1345 1116 praedictos

297 1132 574 1223 arehiepiscopum
598 1137 632 1198 et
654 1132 820 1220 episcopos
841 1131 1065 1220 rogaverimus
1095 1135 1136 1197 ut
1164 1131 1231 1217 ipsi
1257 1131 1345 1197 vice-

296 1235 413 1302 simam
436 1239 564 1323 partem
593 1235 755 1301 bonorum
777 1255 911 1300 suorum
934 1239 968 1300 et
989 1233 1190 1300 villanorum
1211 1254 1345 1299 suornm

296 1337 392 1404 nobis
414 1339 451 1403 in
474 1336 656 1404 subsidium
671 1335 780 1404 Terra
794 1336 926 1404 Smctae
940 1335 1108 1424 praedicta
1122 1336 1344 1417 concederent,

297 1439 355 1525 qui
385 1439 574 1506 vicesimam
604 1437 697 1504 illum
730 1437 825 1504 nobis
859 1439 912 1504 sui
942 1439 1052 1526 gratia
1080 1437 1249 1504 conditer
1269 1459 1345 1504 oon·

296 1545 485 1622 cesserunt3
517 1561 578 1607 nos
607 1538 845 1628 perpendentes
868 1539 957 1626 quod
978 1540 1164 1628 passagium
1194 1545 1345 1606 nostrum

297 1645 499 1730 praedictum,
529 1644 557 1710 si
602 1643 857 1732 parliamentum
892 1643 949 1710 vel
985 1649 1164 1710 tractatum
1201 1644 1344 1732 aliquem

297 1746 467 1813 vobiscum
498 1768 596 1834 super
627 1745 688 1812 hoc
722 1745 925 1826 haberemus,
947 1753 1058 1836 possm
1090 1747 1133 1813 de
1165 1745 1254 1814 facili
1282 1747 1344 1812 im·

298 1849 411 1936 pediti,
433 1855 468 1915 et
501 1847 711 1915 attendentes
744 1848 833 1936 quod
866 1870 910 1915 ex
942 1870 1008 1936 quo
1030 1848 1173 1938 episcopi
1194 1849 1345 1938 praedicti

298 1951 462 2036 querelam
497 1949 695 2017 Christianae
728 1949 838 2038 gentis
871 1950 1005 2017 Terram
1028 1951 1183 2018 Sanctam
1215 1952 1346 2018 inhabi-

298 2052 404 2118 tantis
424 2052 519 2118 nobie
542 2051 685 2118 delatam
715 2051 883 2120 intuentes
905 2052 999 2119 nobis
1021 2053 1240 2120 curialitatem
1262 2076 1346 2142 prae·

299 2153 421 2221 dictam
443 2160 680 2232 concesserunt,
694 2161 735 2221 ut
756 2155 952 2242 pmdictum
966 2162 1025 2234 est
1042 2177 1109 2237 vos,
1124 2157 1182 2243 qui
1195 2156 1345 2244 precibus

299 2256 397 2344 regiis
418 2255 586 2344 hucusque
608 2257 826 2324 amicabiliter
848 2257 1021 2335 annuistis,
1030 2257 1219 2324 vicedmam
1233 2258 1346 2345 hujus-

301 2360 390 2425 modi
411 2360 447 2424 in
471 2359 656 2426 subsidium
670 2360 836 2448 praedictee
851 2365 948 2426 terrae
963 2359 1049 2426 velle
1062 2359 1159 2426 nobis
1173 2361 1347 2428 concedere

301 2461 468 2528 curialiter
505 2467 540 2529 et
576 2461 718 2550 benigne
755 2483 815 2529 voe
852 2461 1025 2528 affectuose
1061 2461 1267 2548 mquirimus,
1310 2468 1347 2529 ct

301 2585 455 2652 rogamus
477 2569 641 2652 quatenus
670 2564 862 2652 praedictam
884 2563 1073 2630 vicesimam
1094 2563 1256 2630 bonorum
1277 2585 1349 2630 ves·

301 2671 429 2732 trorum
456 2672 490 2733 et
520 2666 719 2733 villanorum
741 2671 928 2733 vestrorum
949 2665 1046 2732 nobis
1065 2667 1139 2752 pari
1160 2665 1347 2732 curialitate

302 2769 523 2847 concedentes,
544 2773 716 2836 taxatores
749 2774 784 2835 et
816 2768 1002 2835 collectores
1032 2773 1161 2835 nostros
1182 2768 1346 2835 vioeumae

301 2872 468 2960 predicta
493 2871 581 2938 bona
609 2877 723 2939 vestra
746 2878 782 2939 et
804 2871 1003 2939 villanorum
1025 2874 1210 2938 vestrorum
1230 2877 1348 2939 taxare

302 2981 337 3042 et
373 2974 561 3062 hujusmodi
594 2974 783 3041 vicesimam
820 2974 971 3061 colligere
1006 2974 1218 3061 pennittatis,
1262 2976 1349 3041 sicut

302 3077 457 3144 vicesima
487 3076 570 3143 alibi
602 3083 740 3143 taxatur
769 3082 803 3143 et
832 3078 998 3164 colligitur
1027 3078 1064 3142 in
1089 3099 1191 3165 regno
1213 3084 1350 3157 nostro;

302 3179 352 3245 ita
383 3179 472 3267 quod
504 3180 692 3245 vicesimam
728 3200 788 3245 vos
819 3184 855 3246 et
887 3178 1028 3245 villanos
1058 3186 1186 3247 vestros
1222 3180 1350 3247 contin·

303 3286 434 3369 gentem
475 3281 558 3347 citra
594 3282 719 3347 dictum
757 3286 887 3367 tempus
923 3282 1066 3368 passagii
1101 3282 1207 3348 nostri
1244 3282 1351 3348 modis

304 3384 458 3449 omnibus
488 3382 666 3449 habeamus
697 3382 868 3449 nobiseum
898 3382 1137 3470 [defer]endam
1160 3385 1203 3449 ad
1225 3389 1348 3450 terram

304 3486 501 3573 praedictam.
547 3486 592 3551 Et
615 3485 685 3564 hoc,
708 3483 794 3550 sicut
816 3506 876 3549 nos
898 3489 934 3549 ot
959 3484 1116 3552 honorem
1134 3491 1286 3552 nostrum
1316 3493 1351 3553 et

304 3586 472 3675 negotium
494 3588 597 3653 crude
620 3585 768 3673 diligitis,
790 3592 824 3652 et
846 3587 933 3652 mont
956 3584 997 3653 de
1018 3586 1115 3653 vobis
1147 3587 1350 3667 confidimus,

305 3690 398 3756 nullo
431 3688 528 3754 modo
563 3687 732 3754 omittatis.
778 3686 1009 3754 Mandavimus
1032 3688 1121 3754 enim
1143 3690 1351 3756 taxatoribue

306 3796 341 3857 et
381 3788 605 3857 collectoribus
646 3788 766 3855 nostris
797 3790 972 3875 praedictis,
1004 3790 1093 3877 quod
1122 3791 1210 3857 bona
1240 3796 1352 3857 vestra

306 3900 341 3961 et
377 3893 576 3959 villanorum
610 3898 795 3958 vestrorum
831 3893 942 3958 taxari
982 3897 1017 3958 et
1053 3893 1243 3960 vicesimam
1272 3893 1351 3959 inde

305 3996 410 4063 levari
431 3996 555 4062 faciant
576 3995 613 4060 in
633 3992 739 4060 forma
760 4017 819 4082 per
840 4016 900 4061 nos
923 3993 971 4060 eis
992 3996 1117 4061 tradita
1138 4000 1174 4061 et
1195 3994 1350 4080 injuncta

351 4097 448 4163 Teste
481 4118 533 4163 me
563 4097 635 4185 ipso
666 4096 755 4184 apud
787 4096 1124 4175 westmonasterium,
1162 4096 1352 4164 duodecimo

308 4200 362 4267 die
383 4200 473 4279 Maii,
494 4220 581 4267 anno
603 4199 696 4287 regni
718 4199 824 4265 nostri
845 4199 1115 4287 quinquagesimo
1137 4204 1262 4288 quarto.
