<?xml version="1.0" encoding="UTF-8"?>
<!DOCTYPE html PUBLIC "-//W3C//DTD XHTML 1.0 Transitional//EN"
    "http://www.w3.org/TR/xhtml1/DTD/xhtml1-transitional.dtd">
<html xmlns="http://www.w3.org/1999/xhtml" xml:lang="en" lang="en">
 <head>
  <title>
</title>
<meta http-equiv="Content-Type" content="text/html;charset=utf-8" />
  <meta name='ocr-system' content='tesseract 3.04.00' />
  <meta name='ocr-capabilities' content='ocr_page ocr_carea ocr_par ocr_line ocrx_word'/>
</head>
<body>
  <div class='ocr_page' id='page_1' title='image "./royalandotherhi00shirgoog_0143.png"; bbox 0 0 3609 5800; ppageno 0'>
   <div class='ocr_carea' id='block_1_1' title="bbox 425 832 1334 903">
    <p class='ocr_par' dir='ltr' id='par_1_1' title="bbox 425 832 1334 903">
     <span class='ocr_line' id='line_1_1' title="bbox 425 832 1334 903; baseline -0.01 -3"><span class='ocrx_word' id='word_1_1' title='bbox 425 832 468 903; x_wconf 80' lang='lat'>72</span> <span class='ocrx_word' id='word_1_2' title='bbox 582 845 695 895; x_wconf 72' lang='lat' dir='ltr'><strong>norun</strong></span> <span class='ocrx_word' id='word_1_3' title='bbox 717 844 792 894; x_wconf 78' lang='lat' dir='ltr'>Anu</span> <span class='ocrx_word' id='word_1_4' title='bbox 815 842 932 891; x_wconf 84' lang='lat' dir='ltr'>orunu</span> <span class='ocrx_word' id='word_1_5' title='bbox 955 839 1163 890; x_wconf 75' lang='lat' dir='ltr'>mercemur</span> <span class='ocrx_word' id='word_1_6' title='bbox 1187 840 1334 891; x_wconf 80' lang='lat' dir='ltr'>nnrrnus</span> 
     </span>
    </p>
   </div>
   <div class='ocr_carea' id='block_1_2' title="bbox 425 1026 1484 1733">
    <p class='ocr_par' dir='ltr' id='par_1_2' title="bbox 425 1026 1484 1733">
     <span class='ocr_line' id='line_1_2' title="bbox 472 1026 1483 1113; baseline -0.007 -15"><span class='ocrx_word' id='word_1_7' title='bbox 472 1034 518 1098; x_wconf 90' lang='lat' dir='ltr'>Et</span> <span class='ocrx_word' id='word_1_8' title='bbox 555 1030 707 1096; x_wconf 84' lang='lat' dir='ltr'><strong>omnibus</strong></span> <span class='ocrx_word' id='word_1_9' title='bbox 743 1028 823 1105; x_wconf 80' lang='lat' dir='ltr'>istis,</span> <span class='ocrx_word' id='word_1_10' title='bbox 854 1032 889 1093; x_wconf 87' lang='lat' dir='ltr'>et</span> <span class='ocrx_word' id='word_1_11' title='bbox 930 1027 1033 1092; x_wconf 84' lang='lat' dir='ltr'>etiam</span> <span class='ocrx_word' id='word_1_12' title='bbox 1072 1026 1146 1091; x_wconf 80' lang='lat' dir='ltr'>aliis</span> <span class='ocrx_word' id='word_1_13' title='bbox 1183 1028 1212 1091; x_wconf 81' lang='lat' dir='ltr'>si</span> <span class='ocrx_word' id='word_1_14' title='bbox 1241 1027 1277 1091; x_wconf 90' lang='lat' dir='ltr'>in</span> <span class='ocrx_word' id='word_1_15' title='bbox 1327 1027 1483 1113; x_wconf 80' lang='lat' dir='ltr'><strong>Anglium</strong></span> 
     </span>
     <span class='ocr_line' id='line_1_3' title="bbox 425 1121 1482 1215; baseline -0.007 -14"><span class='ocrx_word' id='word_1_16' title='bbox 425 1136 539 1201; x_wconf 88' lang='lat' dir='ltr'>venire</span> <span class='ocrx_word' id='word_1_17' title='bbox 563 1133 739 1210; x_wconf 87' lang='lat' dir='ltr'>voluerint,</span> <span class='ocrx_word' id='word_1_18' title='bbox 756 1130 882 1195; x_wconf 83' lang='lat' dir='ltr'>directe</span> <span class='ocrx_word' id='word_1_19' title='bbox 906 1133 957 1196; x_wconf 84' lang='lat' dir='ltr'>est</span> <span class='ocrx_word' id='word_1_20' title='bbox 980 1121 1049 1193; x_wconf 82' lang='lat' dir='ltr'>unu</span> <span class='ocrx_word' id='word_1_21' title='bbox 1071 1128 1170 1193; x_wconf 78' lang='lat' dir='ltr'>litere</span> <span class='ocrx_word' id='word_1_22' title='bbox 1189 1133 1307 1215; x_wconf 80' lang='lat' dir='ltr'>putens</span> <span class='ocrx_word' id='word_1_23' title='bbox 1333 1130 1375 1195; x_wconf 91' lang='lat' dir='ltr'>de</span> <span class='ocrx_word' id='word_1_24' title='bbox 1389 1128 1482 1194; x_wconf 81' lang='lat' dir='ltr'>selvo</span> 
     </span>
     <span class='ocr_line' id='line_1_4' title="bbox 427 1230 1483 1321; baseline -0.006 -18"><span class='ocrx_word' id='word_1_25' title='bbox 427 1238 601 1317; x_wconf 89' lang='lat' dir='ltr'><strong>conductu,</strong></span> <span class='ocrx_word' id='word_1_26' title='bbox 617 1233 705 1321; x_wconf 89' lang='lat' dir='ltr'>quod</span> <span class='ocrx_word' id='word_1_27' title='bbox 727 1234 819 1298; x_wconf 82' lang='lat' dir='ltr'>selvo</span> <span class='ocrx_word' id='word_1_28' title='bbox 839 1231 967 1319; x_wconf 84' lang='lat' dir='ltr'><strong>possint</strong></span> <span class='ocrx_word' id='word_1_29' title='bbox 981 1230 1104 1311; x_wconf 84' lang='lat' dir='ltr'>venire,</span> <span class='ocrx_word' id='word_1_30' title='bbox 1121 1231 1250 1307; x_wconf 77' lang='lat' dir='ltr'>morari,</span> <span class='ocrx_word' id='word_1_31' title='bbox 1275 1237 1310 1297; x_wconf 90' lang='lat' dir='ltr'>et</span> <span class='ocrx_word' id='word_1_32' title='bbox 1330 1232 1483 1297; x_wconf 80' lang='lat' dir='ltr'>recedere</span> 
     </span>
     <span class='ocr_line' id='line_1_5' title="bbox 426 1333 1483 1425; baseline -0.007 -20"><span class='ocrx_word' id='word_1_33' title='bbox 426 1341 469 1405; x_wconf 81' lang='lat' dir='ltr'>ab</span> <span class='ocrx_word' id='word_1_34' title='bbox 492 1338 622 1425; x_wconf 81' lang='lat' dir='ltr'>Angliu,</span> <span class='ocrx_word' id='word_1_35' title='bbox 640 1338 690 1403; x_wconf 77' lang='lat' dir='ltr'>itu</span> <span class='ocrx_word' id='word_1_36' title='bbox 710 1336 799 1421; x_wconf 88' lang='lat' dir='ltr'>qnod</span> <span class='ocrx_word' id='word_1_37' title='bbox 825 1334 954 1399; x_wconf 82' lang='lat' dir='ltr'><strong>nullum</strong></span> <span class='ocrx_word' id='word_1_38' title='bbox 978 1333 1143 1399; x_wconf 90' lang='lat' dir='ltr'>defectum</span> <span class='ocrx_word' id='word_1_39' title='bbox 1164 1334 1219 1400; x_wconf 89' lang='lat' dir='ltr'>vel</span> <span class='ocrx_word' id='word_1_40' title='bbox 1242 1334 1354 1420; x_wconf 82' lang='lat' dir='ltr'>ulique</span> <span class='ocrx_word' id='word_1_41' title='bbox 1375 1339 1483 1399; x_wconf 83' lang='lat' dir='ltr'>trans-</span> 
     </span>
     <span class='ocr_line' id='line_1_6' title="bbox 427 1435 1484 1529; baseline -0.008 -22"><span class='ocrx_word' id='word_1_42' title='bbox 427 1442 549 1529; x_wconf 71' lang='lat' dir='ltr'>greesio</span> <span class='ocrx_word' id='word_1_43' title='bbox 571 1441 757 1526; x_wconf 85' lang='lat' dir='ltr'>imputetur</span> <span class='ocrx_word' id='word_1_44' title='bbox 790 1438 836 1501; x_wconf 80' lang='lat' dir='ltr'>eiu</span> <span class='ocrx_word' id='word_1_45' title='bbox 870 1436 952 1522; x_wconf 90' lang='lat' dir='ltr'>quin</span> <span class='ocrx_word' id='word_1_46' title='bbox 986 1436 1078 1501; x_wconf 81' lang='lat' dir='ltr'><strong>solvo</strong></span> <span class='ocrx_word' id='word_1_47' title='bbox 1108 1436 1234 1521; x_wconf 75' lang='lat' dir='ltr'><strong>possint</strong></span> <span class='ocrx_word' id='word_1_48' title='bbox 1269 1435 1390 1501; x_wconf 84' lang='lat' dir='ltr'>venire.</span> <span class='ocrx_word' id='word_1_49' title='bbox 1438 1436 1484 1499; x_wconf 85' lang='lat' dir='ltr'>Et</span> 
     </span>
     <span class='ocr_line' id='line_1_7' title="bbox 430 1538 1484 1619; baseline -0.006 -10"><span class='ocrx_word' id='word_1_50' title='bbox 430 1545 550 1609; x_wconf 84' lang='lat' dir='ltr'>durent</span> <span class='ocrx_word' id='word_1_51' title='bbox 576 1543 682 1607; x_wconf 85' lang='lat' dir='ltr'>literae</span> <span class='ocrx_word' id='word_1_52' title='bbox 701 1542 775 1605; x_wconf 85' lang='lat' dir='ltr'>istae</span> <span class='ocrx_word' id='word_1_53' title='bbox 801 1562 821 1603; x_wconf 86' lang='lat' dir='ltr'>u</span> <span class='ocrx_word' id='word_1_54' title='bbox 846 1538 973 1603; x_wconf 70' lang='lat' dir='ltr'><strong>Pascha</strong></span> <span class='ocrx_word' id='word_1_55' title='bbox 998 1559 1097 1619; x_wconf 83' lang='lat' dir='ltr'><strong>anno,</strong></span> <span class='ocrx_word' id='word_1_56' title='bbox 1112 1543 1183 1619; x_wconf 87' lang='grc'><strong>010,</strong></span> <span class='ocrx_word' id='word_1_57' title='bbox 1199 1538 1366 1605; x_wconf 84' lang='lat' dir='ltr'>tricesimo</span> <span class='ocrx_word' id='word_1_58' title='bbox 1389 1544 1484 1603; x_wconf 81' lang='lat' dir='ltr'>cento</span> 
     </span>
     <span class='ocr_line' id='line_1_8' title="bbox 429 1645 872 1733; baseline -0.011 -23"><span class='ocrx_word' id='word_1_59' title='bbox 429 1668 532 1733; x_wconf 83' lang='lat' dir='ltr'>usque</span> <span class='ocrx_word' id='word_1_60' title='bbox 555 1645 716 1711; x_wconf 90' lang='lat' dir='ltr'><strong>inunum</strong></span> <span class='ocrx_word' id='word_1_61' title='bbox 741 1662 872 1707; x_wconf 78' lang='lat' dir='ltr'><strong>annum.</strong></span> 
     </span>
    </p>
   </div>
   <div class='ocr_carea' id='block_1_3' title="bbox 841 1911 1090 1979">
    <p class='ocr_par' dir='ltr' id='par_1_3' title="bbox 841 1911 1090 1979">
     <span class='ocr_line' id='line_1_9' title="bbox 841 1911 1090 1979; baseline -0.008 0"><span class='ocrx_word' id='word_1_62' title='bbox 841 1911 1090 1979; x_wconf 80' lang='lat' dir='ltr'>COOOLXXV.</span> 
     </span>
    </p>
   </div>
   <div class='ocr_carea' id='block_1_4' title="bbox 463 2037 1455 2120">
    <p class='ocr_par' dir='ltr' id='par_1_4' title="bbox 463 2037 1455 2120">
     <span class='ocr_line' id='line_1_10' title="bbox 463 2037 1455 2120; baseline -0.002 -14"><span class='ocrx_word' id='word_1_63' title='bbox 463 2042 541 2107; x_wconf 79' lang='lat' dir='ltr'>Tun</span> <span class='ocrx_word' id='word_1_64' title='bbox 564 2041 702 2117; x_wconf 67' lang='lat' dir='ltr'>Meron,</span> <span class='ocrx_word' id='word_1_65' title='bbox 724 2039 748 2106; x_wconf 86' lang='lat' dir='ltr'><strong>J</strong></span> <span class='ocrx_word' id='word_1_66' title='bbox 751 2054 868 2120; x_wconf 70' lang='lat' dir='ltr'>omre,</span> <span class='ocrx_word' id='word_1_67' title='bbox 892 2055 965 2104; x_wconf 76' lang='lat' dir='ltr'>nun</span> <span class='ocrx_word' id='word_1_68' title='bbox 989 2037 1171 2106; x_wconf 79' lang='lat' dir='ltr'><strong>Cormuun</strong></span> <span class='ocrx_word' id='word_1_69' title='bbox 1193 2056 1237 2105; x_wconf 83' lang='lat' dir='ltr'>or</span> <span class='ocrx_word' id='word_1_70' title='bbox 1260 2040 1312 2104; x_wconf 73' lang='lat' dir='ltr'>LA</span> <span class='ocrx_word' id='word_1_71' title='bbox 1335 2041 1455 2106; x_wconf 82' lang='lat' dir='ltr'><strong>Rnonu</strong></span> 
     </span>
    </p>
   </div>
   <div class='ocr_carea' id='block_1_5' title="bbox 765 2141 1146 2319">
    <p class='ocr_par' dir='ltr' id='par_1_5' title="bbox 765 2141 1146 2319">
     <span class='ocr_line' id='line_1_11' title="bbox 814 2141 1104 2208; baseline 0.003 -2"><span class='ocrx_word' id='word_1_72' title='bbox 814 2158 857 2206; x_wconf 85' lang='lat' dir='ltr'>ro</span> <span class='ocrx_word' id='word_1_73' title='bbox 880 2142 1015 2207; x_wconf 80' lang='lat' dir='ltr'>Hnunr</span> <span class='ocrx_word' id='word_1_74' title='bbox 1037 2141 1104 2208; x_wconf 92' lang='grc' dir='ltr'><strong>ΙΙΙ.</strong></span> 
     </span>
     <span class='ocr_line' id='line_1_12' title="bbox 765 2252 1146 2319; baseline -0.005 -16"><span class='ocrx_word' id='word_1_75' title='bbox 765 2253 861 2319; x_wconf 75' lang='lat' dir='ltr'><strong>(noyn</strong></span> <span class='ocrx_word' id='word_1_76' title='bbox 872 2252 978 2313; x_wconf 66' lang='lat' dir='ltr'>neuen,</span> <span class='ocrx_word' id='word_1_77' title='bbox 989 2252 1037 2303; x_wconf 76' lang='lat' dir='ltr'>uo.</span> <span class='ocrx_word' id='word_1_78' title='bbox 1051 2256 1146 2318; x_wconf 64' lang='lat' dir='ltr'><strong>uoco.)</strong></span> 
     </span>
    </p>
   </div>
   <div class='ocr_carea' id='block_1_6' title="bbox 268 2356 1487 2550">
    <p class='ocr_par' dir='ltr' id='par_1_6' title="bbox 268 2356 1487 2550">
     <span class='ocr_line' id='line_1_13' title="bbox 268 2356 1487 2444; baseline -0.002 -18"><span class='ocrx_word' id='word_1_79' title='bbox 268 2373 423 2426; x_wconf 71' lang='lat' dir='ltr'>Aboutneb.</span> <span class='ocrx_word' id='word_1_80' title='bbox 482 2356 767 2423; x_wconf 81' lang='lat' dir='ltr'>Excellentissimo</span> <span class='ocrx_word' id='word_1_81' title='bbox 802 2356 937 2421; x_wconf 93' lang='lat' dir='ltr'><strong>domino</strong></span> <span class='ocrx_word' id='word_1_82' title='bbox 970 2378 1030 2421; x_wconf 84' lang='lat' dir='ltr'>suo</span> <span class='ocrx_word' id='word_1_83' title='bbox 1064 2357 1250 2443; x_wconf 89' lang='lat' dir='ltr'><strong>H[cnrico],</strong></span> <span class='ocrx_word' id='word_1_84' title='bbox 1284 2357 1347 2423; x_wconf 91' lang='lat' dir='ltr'>Dei</span> <span class='ocrx_word' id='word_1_85' title='bbox 1378 2358 1487 2444; x_wconf 81' lang='lat' dir='ltr'>gratia</span> 
     </span>
     <span class='ocr_line' id='line_1_14' title="bbox 271 2442 1487 2550; baseline 0.002 -22"><span class='ocrx_word' id='word_1_86' title='bbox 271 2442 356 2492; x_wconf 62' lang='lat'><strong>¹²⁵²*</strong></span> <span class='ocrx_word' id='word_1_87' title='bbox 436 2464 507 2550; x_wconf 87' lang='lat' dir='ltr'>regi</span> <span class='ocrx_word' id='word_1_88' title='bbox 539 2461 680 2549; x_wconf 77' lang='lat' dir='ltr'>Anglire,</span> <span class='ocrx_word' id='word_1_89' title='bbox 717 2461 850 2527; x_wconf 92' lang='lat' dir='ltr'><strong>domino</strong></span> <span class='ocrx_word' id='word_1_90' title='bbox 885 2462 1080 2547; x_wconf 86' lang='lat' dir='ltr'>Hyberniae,</span> <span class='ocrx_word' id='word_1_91' title='bbox 1105 2462 1181 2527; x_wconf 89' lang='lat' dir='ltr'>duci</span> <span class='ocrx_word' id='word_1_92' title='bbox 1206 2463 1422 2530; x_wconf 84' lang='lat' dir='ltr'><strong>Normanniae</strong></span> <span class='ocrx_word' id='word_1_93' title='bbox 1453 2472 1487 2530; x_wconf 91' lang='grc'>01</span> 
     </span>
    </p>
   </div>
   <div class='ocr_carea' id='block_1_7' title="bbox 434 2564 1488 2855">
    <p class='ocr_par' dir='ltr' id='par_1_7' title="bbox 434 2564 1488 2855">
     <span class='ocr_line' id='line_1_15' title="bbox 438 2564 1488 2652; baseline 0.001 -23"><span class='ocrx_word' id='word_1_94' title='bbox 438 2565 639 2652; x_wconf 71' lang='lat' dir='ltr'>Aquitaniae,</span> <span class='ocrx_word' id='word_1_95' title='bbox 663 2568 698 2629; x_wconf 90' lang='lat' dir='ltr'>et</span> <span class='ocrx_word' id='word_1_96' title='bbox 721 2564 834 2629; x_wconf 88' lang='lat' dir='ltr'><strong>comiti</strong></span> <span class='ocrx_word' id='word_1_97' title='bbox 850 2564 1008 2629; x_wconf 81' lang='lat' dir='ltr'><strong>Pictaviae</strong></span> <span class='ocrx_word' id='word_1_98' title='bbox 1032 2571 1067 2629; x_wconf 86' lang='lat' dir='ltr'>et</span> <span class='ocrx_word' id='word_1_99' title='bbox 1089 2564 1304 2651; x_wconf 82' lang='lat' dir='ltr'>Andeguviae,</span> <span class='ocrx_word' id='word_1_100' title='bbox 1327 2566 1431 2651; x_wconf 80' lang='lat' dir='ltr'><strong>major</strong></span> <span class='ocrx_word' id='word_1_101' title='bbox 1453 2572 1488 2630; x_wconf 88' lang='lat' dir='ltr'>et</span> 
     </span>
     <span class='ocr_line' id='line_1_16' title="bbox 434 2665 1488 2773; baseline 0.002 -42"><span class='ocrx_word' id='word_1_102' title='bbox 434 2667 540 2752; x_wconf 86' lang='lat' dir='ltr'>juruti</span> <span class='ocrx_word' id='word_1_103' title='bbox 562 2672 700 2773; x_wconf 66' lang='lat' dir='ltr'>toteque</span> <span class='ocrx_word' id='word_1_104' title='bbox 731 2666 952 2731; x_wconf 80' lang='lat' dir='ltr'><strong>communitae</strong></span> <span class='ocrx_word' id='word_1_105' title='bbox 974 2688 1041 2731; x_wconf 86' lang='lat' dir='ltr'>suae</span> <span class='ocrx_word' id='word_1_106' title='bbox 1065 2665 1153 2731; x_wconf 83' lang='lat' dir='ltr'><strong>villae</strong></span> <span class='ocrx_word' id='word_1_107' title='bbox 1177 2667 1219 2732; x_wconf 89' lang='lat' dir='ltr'>de</span> <span class='ocrx_word' id='word_1_108' title='bbox 1243 2666 1370 2753; x_wconf 78' lang='lat' dir='ltr'>Regula</span> <span class='ocrx_word' id='word_1_109' title='bbox 1392 2667 1488 2733; x_wconf 82' lang='lat' dir='ltr'>fidele</span> 
     </span>
     <span class='ocr_line' id='line_1_17' title="bbox 439 2768 1342 2855; baseline 0.002 -22"><span class='ocrx_word' id='word_1_110' title='bbox 439 2791 567 2855; x_wconf 82' lang='lat' dir='ltr'>semper</span> <span class='ocrx_word' id='word_1_111' title='bbox 589 2769 764 2834; x_wconf 79' lang='lat' dir='ltr'>servitium</span> <span class='ocrx_word' id='word_1_112' title='bbox 786 2774 856 2833; x_wconf 81' lang='lat' dir='ltr'>tam</span> <span class='ocrx_word' id='word_1_113' title='bbox 880 2768 1030 2835; x_wconf 91' lang='lat' dir='ltr'>debitum</span> <span class='ocrx_word' id='word_1_114' title='bbox 1054 2790 1154 2854; x_wconf 85' lang='lat' dir='ltr'>quem</span> <span class='ocrx_word' id='word_1_115' title='bbox 1177 2769 1342 2835; x_wconf 85' lang='lat' dir='ltr'>devotum.</span> 
     </span>
    </p>
   </div>
   <div class='ocr_carea' id='block_1_8' title="bbox 270 2869 1490 3082">
    <p class='ocr_par' dir='ltr' id='par_1_8' title="bbox 270 2869 1490 3082">
     <span class='ocr_line' id='line_1_18' title="bbox 270 2869 1490 2958; baseline 0.001 -20"><span class='ocrx_word' id='word_1_116' title='bbox 270 2883 411 2938; x_wconf 72' lang='lat' dir='ltr'>wedene</span> <span class='ocrx_word' id='word_1_117' title='bbox 486 2872 600 2958; x_wconf 82' lang='lat' dir='ltr'>Regiae</span> <span class='ocrx_word' id='word_1_118' title='bbox 634 2870 838 2937; x_wconf 69' lang='lat' dir='ltr'>excellentiae</span> <span class='ocrx_word' id='word_1_119' title='bbox 870 2869 1024 2936; x_wconf 82' lang='lat' dir='ltr'><strong>volumus</strong></span> <span class='ocrx_word' id='word_1_120' title='bbox 1045 2870 1118 2935; x_wconf 93' lang='lat' dir='ltr'>fieri</span> <span class='ocrx_word' id='word_1_121' title='bbox 1150 2871 1362 2938; x_wconf 79' lang='lat' dir='ltr'>manifestum</span> <span class='ocrx_word' id='word_1_122' title='bbox 1384 2873 1490 2939; x_wconf 79' lang='lat' dir='ltr'><strong>multu</strong></span> 
     </span>
     <span class='ocr_line' id='line_1_19' title="bbox 270 2955 1489 3082; baseline -0.009 -38"><span class='ocrx_word' id='word_1_123' title='bbox 270 2955 419 3082; x_wconf 44' lang='lat' dir='ltr'>{flssssyou</span> <span class='ocrx_word' id='word_1_124' title='bbox 443 2976 530 3040; x_wconf 83' lang='lat' dir='ltr'>male</span> <span class='ocrx_word' id='word_1_125' title='bbox 552 2978 586 3039; x_wconf 86' lang='lat' dir='ltr'>et</span> <span class='ocrx_word' id='word_1_126' title='bbox 618 2973 741 3037; x_wconf 81' lang='lat' dir='ltr'>dumne</span> <span class='ocrx_word' id='word_1_127' title='bbox 771 2979 806 3038; x_wconf 88' lang='lat' dir='ltr'>et</span> <span class='ocrx_word' id='word_1_128' title='bbox 838 2975 985 3038; x_wconf 81' lang='lat' dir='ltr'>enormia</span> <span class='ocrx_word' id='word_1_129' title='bbox 1017 2975 1164 3038; x_wconf 80' lang='lat' dir='ltr'><strong>maxima</strong></span> <span class='ocrx_word' id='word_1_130' title='bbox 1198 2982 1343 3061; x_wconf 88' lang='lat' dir='ltr'>tempore</span> <span class='ocrx_word' id='word_1_131' title='bbox 1365 2976 1489 3039; x_wconf 87' lang='lat' dir='ltr'>domini</span> 
     </span>
    </p>
   </div>
   <div class='ocr_carea' id='block_1_9' title="bbox 269 3073 1492 3979">
    <p class='ocr_par' dir='ltr' id='par_1_9' title="bbox 269 3073 1492 3979">
     <span class='ocr_line' id='line_1_20' title="bbox 269 3073 1491 3160; baseline -0.002 -15"><span class='ocrx_word' id='word_1_132' title='bbox 269 3087 313 3135; x_wconf 77' lang='lat' dir='ltr'>the</span> <span class='ocrx_word' id='word_1_133' title='bbox 326 3085 431 3146; x_wconf 67' lang='lat' dir='ltr'>injurias</span> <span class='ocrx_word' id='word_1_134' title='bbox 443 3075 572 3142; x_wconf 82' lang='lat' dir='ltr'><strong>comitis</strong></span> <span class='ocrx_word' id='word_1_135' title='bbox 594 3073 787 3160; x_wconf 82' lang='lat' dir='ltr'>Leyeestriae</span> <span class='ocrx_word' id='word_1_136' title='bbox 820 3076 917 3140; x_wconf 89' lang='lat' dir='ltr'><strong>nobis</strong></span> <span class='ocrx_word' id='word_1_137' title='bbox 950 3081 985 3141; x_wconf 91' lang='lat' dir='ltr'>et</span> <span class='ocrx_word' id='word_1_138' title='bbox 1018 3077 1249 3141; x_wconf 74' lang='lat' dir='ltr'><strong>communitati</strong></span> <span class='ocrx_word' id='word_1_139' title='bbox 1272 3085 1392 3144; x_wconf 79' lang='lat' dir='ltr'>nostroe</span> <span class='ocrx_word' id='word_1_140' title='bbox 1403 3079 1491 3143; x_wconf 84' lang='lat' dir='ltr'>&#39;evc-</span> 
     </span>
     <span class='ocr_line' id='line_1_21' title="bbox 270 3149 1489 3267; baseline 0.001 -25"><span class='ocrx_word' id='word_1_141' title='bbox 270 3149 388 3267; x_wconf 43' lang='lat' dir='ltr'>{goiss}</span> <span class='ocrx_word' id='word_1_142' title='bbox 443 3179 538 3258; x_wconf 78' lang='lat' dir='ltr'>nisse,</span> <span class='ocrx_word' id='word_1_143' title='bbox 570 3177 692 3241; x_wconf 80' lang='lat' dir='ltr'>scilicet</span> <span class='ocrx_word' id='word_1_144' title='bbox 724 3177 813 3261; x_wconf 91' lang='lat' dir='ltr'>quod</span> <span class='ocrx_word' id='word_1_145' title='bbox 835 3176 1013 3264; x_wconf 81' lang='lat' dir='ltr'>burgenses</span> <span class='ocrx_word' id='word_1_146' title='bbox 1044 3179 1150 3243; x_wconf 86' lang='lat' dir='ltr'>nostri</span> <span class='ocrx_word' id='word_1_147' title='bbox 1182 3165 1223 3244; x_wconf 79' lang='lat' dir='ltr'>d&#39;e</span> <span class='ocrx_word' id='word_1_148' title='bbox 1255 3178 1400 3256; x_wconf 81' lang='lat' dir='ltr'><strong>Finibus,</strong></span> <span class='ocrx_word' id='word_1_149' title='bbox 1434 3181 1489 3265; x_wconf 89' lang='lat' dir='ltr'>qui</span> 
     </span>
     <span class='ocr_line' id='line_1_22' title="bbox 273 3278 1492 3367; baseline 0.002 -22"><span class='ocrx_word' id='word_1_150' title='bbox 273 3283 409 3333; x_wconf 73' lang='lat' dir='ltr'>underthe</span> <span class='ocrx_word' id='word_1_151' title='bbox 444 3302 571 3366; x_wconf 85' lang='lat' dir='ltr'>semper</span> <span class='ocrx_word' id='word_1_152' title='bbox 605 3278 800 3344; x_wconf 81' lang='lat' dir='ltr'>fidelitatem</span> <span class='ocrx_word' id='word_1_153' title='bbox 831 3279 960 3365; x_wconf 83' lang='lat' dir='ltr'>regiam</span> <span class='ocrx_word' id='word_1_154' title='bbox 989 3286 1213 3356; x_wconf 77' lang='lat' dir='ltr'>servaverunt,</span> <span class='ocrx_word' id='word_1_155' title='bbox 1238 3281 1400 3367; x_wconf 89' lang='lat' dir='ltr'><strong>principio</strong></span> <span class='ocrx_word' id='word_1_156' title='bbox 1422 3283 1492 3347; x_wconf 89' lang='lat' dir='ltr'>fue-</span> 
     </span>
     <span class='ocr_line' id='line_1_23' title="bbox 273 3363 1491 3467; baseline 0.002 -22"><span class='ocrx_word' id='word_1_157' title='bbox 273 3363 430 3465; x_wconf 55' lang='lat' dir='ltr'>ffiffiffie</span> <span class='ocrx_word' id='word_1_158' title='bbox 443 3387 525 3446; x_wconf 86' lang='lat' dir='ltr'>runt</span> <span class='ocrx_word' id='word_1_159' title='bbox 554 3382 643 3467; x_wconf 84' lang='lat' dir='ltr'>capti</span> <span class='ocrx_word' id='word_1_160' title='bbox 666 3379 833 3446; x_wconf 72' lang='lat' dir='ltr'><strong>occasione</strong></span> <span class='ocrx_word' id='word_1_161' title='bbox 855 3382 1040 3467; x_wconf 81' lang='lat' dir='ltr'>ho[stegii],</span> <span class='ocrx_word' id='word_1_162' title='bbox 1064 3386 1099 3446; x_wconf 88' lang='grc'>01</span> <span class='ocrx_word' id='word_1_163' title='bbox 1121 3383 1157 3448; x_wconf 91' lang='lat' dir='ltr'>in</span> <span class='ocrx_word' id='word_1_164' title='bbox 1180 3404 1306 3448; x_wconf 79' lang='lat' dir='ltr'>carcere</span> <span class='ocrx_word' id='word_1_165' title='bbox 1332 3383 1491 3448; x_wconf 79' lang='lat' dir='ltr'><strong>vilissimo</strong></span> 
     </span>
     <span class='ocr_line' id='line_1_24' title="bbox 274 3481 1491 3596; baseline 0.001 -49"><span class='ocrx_word' id='word_1_166' title='bbox 274 3481 368 3596; x_wconf 56' lang='lat' dir='ltr'>ffilff</span> <span class='ocrx_word' id='word_1_167' title='bbox 443 3484 479 3548; x_wconf 92' lang='lat' dir='ltr'>in</span> <span class='ocrx_word' id='word_1_168' title='bbox 502 3481 713 3568; x_wconf 82' lang='lat' dir='ltr'><strong>compedibus</strong></span> <span class='ocrx_word' id='word_1_169' title='bbox 743 3482 855 3569; x_wconf 86' lang='lat' dir='ltr'><strong>positi,</strong></span> <span class='ocrx_word' id='word_1_170' title='bbox 878 3489 912 3548; x_wconf 89' lang='lat' dir='ltr'>et</span> <span class='ocrx_word' id='word_1_171' title='bbox 944 3482 984 3547; x_wconf 92' lang='lat' dir='ltr'>de</span> <span class='ocrx_word' id='word_1_172' title='bbox 1008 3483 1208 3569; x_wconf 82' lang='lat' dir='ltr'>Burdegaliu</span> <span class='ocrx_word' id='word_1_173' title='bbox 1237 3485 1379 3550; x_wconf 84' lang='lat' dir='ltr'>extracti</span> <span class='ocrx_word' id='word_1_174' title='bbox 1401 3485 1491 3549; x_wconf 85' lang='lat' dir='ltr'>vilis-</span> 
     </span>
     <span class='ocr_line' id='line_1_25' title="bbox 311 3553 1491 3670; baseline 0.002 -22"><span class='ocrx_word' id='word_1_175' title='bbox 311 3553 408 3597; x_wconf 53' lang='lat' dir='ltr'>¹⁰⁹⁸w⁸</span> <span class='ocrx_word' id='word_1_176' title='bbox 443 3584 524 3649; x_wconf 81' lang='lat' dir='ltr'>sime</span> <span class='ocrx_word' id='word_1_177' title='bbox 547 3585 635 3670; x_wconf 81' lang='lat' dir='ltr'>apud</span> <span class='ocrx_word' id='word_1_178' title='bbox 659 3583 816 3670; x_wconf 83' lang='lat' dir='ltr'><strong>Burgum,</strong></span> <span class='ocrx_word' id='word_1_179' title='bbox 841 3589 875 3650; x_wconf 89' lang='lat' dir='ltr'>et</span> <span class='ocrx_word' id='word_1_180' title='bbox 910 3583 951 3650; x_wconf 91' lang='lat' dir='ltr'>de</span> <span class='ocrx_word' id='word_1_181' title='bbox 975 3586 1087 3670; x_wconf 87' lang='lat' dir='ltr'>Burgo</span> <span class='ocrx_word' id='word_1_182' title='bbox 1109 3585 1195 3670; x_wconf 81' lang='lat' dir='ltr'>opud</span> <span class='ocrx_word' id='word_1_183' title='bbox 1220 3585 1433 3651; x_wconf 81' lang='lat' dir='ltr'>Froueiueum</span> <span class='ocrx_word' id='word_1_184' title='bbox 1456 3587 1491 3651; x_wconf 93' lang='lat' dir='ltr'>in</span> 
     </span>
     <span class='ocr_line' id='line_1_26' title="bbox 443 3684 1492 3773; baseline 0.003 -23"><span class='ocrx_word' id='word_1_185' title='bbox 443 3706 568 3750; x_wconf 80' lang='lat' dir='ltr'>carcere</span> <span class='ocrx_word' id='word_1_186' title='bbox 599 3685 707 3770; x_wconf 83' lang='lat' dir='ltr'><strong>positi,</strong></span> <span class='ocrx_word' id='word_1_187' title='bbox 731 3691 765 3749; x_wconf 88' lang='lat' dir='ltr'>et</span> <span class='ocrx_word' id='word_1_188' title='bbox 788 3684 828 3750; x_wconf 86' lang='lat' dir='ltr'>de</span> <span class='ocrx_word' id='word_1_189' title='bbox 851 3685 1030 3751; x_wconf 83' lang='lat' dir='ltr'><strong>Froncieco</strong></span> <span class='ocrx_word' id='word_1_190' title='bbox 1063 3687 1152 3773; x_wconf 85' lang='lat' dir='ltr'>apud</span> <span class='ocrx_word' id='word_1_191' title='bbox 1176 3686 1361 3752; x_wconf 85' lang='lat' dir='ltr'>Olerionem</span> <span class='ocrx_word' id='word_1_192' title='bbox 1385 3689 1492 3754; x_wconf 85' lang='lat' dir='ltr'><strong>adhuc</strong></span> 
     </span>
     <span class='ocr_line' id='line_1_27' title="bbox 442 3786 1492 3876; baseline 0.004 -24"><span class='ocrx_word' id='word_1_193' title='bbox 442 3787 479 3852; x_wconf 91' lang='lat' dir='ltr'>in</span> <span class='ocrx_word' id='word_1_194' title='bbox 512 3807 640 3850; x_wconf 85' lang='lat' dir='ltr'>carcere</span> <span class='ocrx_word' id='word_1_195' title='bbox 679 3787 879 3853; x_wconf 74' lang='lat' dir='ltr'>detinentur.</span> <span class='ocrx_word' id='word_1_196' title='bbox 938 3786 1040 3852; x_wconf 88' lang='lat' dir='ltr'>Multi</span> <span class='ocrx_word' id='word_1_197' title='bbox 1078 3795 1191 3854; x_wconf 82' lang='lat' dir='ltr'>cutem</span> <span class='ocrx_word' id='word_1_198' title='bbox 1222 3788 1280 3853; x_wconf 81' lang='lat' dir='ltr'>alii</span> <span class='ocrx_word' id='word_1_199' title='bbox 1314 3790 1492 3876; x_wconf 69' lang='lat' dir='ltr'>burgenses</span> 
     </span>
     <span class='ocr_line' id='line_1_28' title="bbox 443 3887 1492 3979; baseline 0.004 -25"><span class='ocrx_word' id='word_1_200' title='bbox 443 3888 549 3954; x_wconf 83' lang='lat' dir='ltr'>nostri</span> <span class='ocrx_word' id='word_1_201' title='bbox 583 3887 750 3952; x_wconf 79' lang='lat' dir='ltr'><strong>occasione</strong></span> <span class='ocrx_word' id='word_1_202' title='bbox 779 3888 924 3975; x_wconf 82' lang='lat' dir='ltr'><strong>hostagii</strong></span> <span class='ocrx_word' id='word_1_203' title='bbox 954 3896 1051 3954; x_wconf 82' lang='lat' dir='ltr'>extre</span> <span class='ocrx_word' id='word_1_204' title='bbox 1076 3890 1192 3954; x_wconf 82' lang='lat' dir='ltr'><strong>villam</strong></span> <span class='ocrx_word' id='word_1_205' title='bbox 1222 3890 1359 3957; x_wconf 73' lang='lat' dir='ltr'>fuerumt</span> <span class='ocrx_word' id='word_1_206' title='bbox 1390 3893 1492 3979; x_wconf 89' lang='lat' dir='ltr'>ejecti.</span> 
     </span>
    </p>
   </div>
   <div class='ocr_carea' id='block_1_10' title="bbox 360 3992 1494 4586">
    <p class='ocr_par' dir='ltr' id='par_1_10' title="bbox 445 3992 1492 4083">
     <span class='ocr_line' id='line_1_29' title="bbox 445 3992 1492 4083; baseline 0.004 -25"><span class='ocrx_word' id='word_1_207' title='bbox 445 3993 588 4073; x_wconf 80' lang='lat' dir='ltr'>Quidum</span> <span class='ocrx_word' id='word_1_208' title='bbox 612 3993 701 4078; x_wconf 88' lang='lat' dir='ltr'>upud</span> <span class='ocrx_word' id='word_1_209' title='bbox 725 3992 952 4074; x_wconf 73' lang='lat' dir='ltr'>Murmediam</span> <span class='ocrx_word' id='word_1_210' title='bbox 977 3993 1036 4058; x_wconf 83' lang='lat' dir='ltr'>alii</span> <span class='ocrx_word' id='word_1_211' title='bbox 1057 3999 1169 4059; x_wconf 82' lang='lat' dir='ltr'>eutem</span> <span class='ocrx_word' id='word_1_212' title='bbox 1202 3996 1290 4081; x_wconf 80' lang='lat' dir='ltr'>apud</span> <span class='ocrx_word' id='word_1_213' title='bbox 1312 3997 1492 4083; x_wconf 83' lang='lat' dir='ltr'><strong>Yspuniam</strong></span> 
     </span>
    </p>

    <p class='ocr_par' dir='ltr' id='par_1_11' title="bbox 360 4083 1494 4586">
     <span class='ocr_line' id='line_1_30' title="bbox 360 4083 1493 4181; baseline 0.004 -22"><span class='ocrx_word' id='word_1_214' title='bbox 360 4083 364 4091; x_wconf 48' lang='lat'><strong>¹</strong></span> <span class='ocrx_word' id='word_1_215' title='bbox 444 4100 655 4172; x_wconf 83' lang='lat' dir='ltr'>recesserunt,</span> <span class='ocrx_word' id='word_1_216' title='bbox 679 4094 738 4158; x_wconf 89' lang='lat' dir='ltr'>ulii</span> <span class='ocrx_word' id='word_1_217' title='bbox 771 4101 884 4159; x_wconf 82' lang='lat' dir='ltr'>eutem</span> <span class='ocrx_word' id='word_1_218' title='bbox 908 4096 996 4181; x_wconf 84' lang='lat' dir='ltr'>apud</span> <span class='ocrx_word' id='word_1_219' title='bbox 1021 4095 1209 4160; x_wconf 89' lang='lat' dir='ltr'>Olerionem</span> <span class='ocrx_word' id='word_1_220' title='bbox 1231 4097 1340 4162; x_wconf 86' lang='lat' dir='ltr'>adhuc</span> <span class='ocrx_word' id='word_1_221' title='bbox 1366 4100 1402 4164; x_wconf 91' lang='lat' dir='ltr'>in</span> <span class='ocrx_word' id='word_1_222' title='bbox 1424 4122 1493 4163; x_wconf 80' lang='lat' dir='ltr'>cnr-</span> 
     </span>
     <span class='ocr_line' id='line_1_31' title="bbox 445 4195 1493 4288; baseline 0.004 -26"><span class='ocrx_word' id='word_1_223' title='bbox 445 4219 515 4262; x_wconf 82' lang='lat' dir='ltr'>cere</span> <span class='ocrx_word' id='word_1_224' title='bbox 554 4195 754 4261; x_wconf 87' lang='lat' dir='ltr'>detinentur.</span> <span class='ocrx_word' id='word_1_225' title='bbox 799 4195 842 4259; x_wconf 90' lang='lat' dir='ltr'>In</span> <span class='ocrx_word' id='word_1_226' title='bbox 875 4217 940 4280; x_wconf 89' lang='lat' dir='ltr'>quo</span> <span class='ocrx_word' id='word_1_227' title='bbox 972 4197 1122 4283; x_wconf 81' lang='lat' dir='ltr'>hostagio</span> <span class='ocrx_word' id='word_1_228' title='bbox 1153 4198 1288 4283; x_wconf 81' lang='lat' dir='ltr'>quidam</span> <span class='ocrx_word' id='word_1_229' title='bbox 1321 4201 1493 4288; x_wconf 78' lang='lat' dir='ltr'>burgensis</span> 
     </span>
     <span class='ocr_line' id='line_1_32' title="bbox 444 4297 1493 4376; baseline 0.006 -14"><span class='ocrx_word' id='word_1_230' title='bbox 444 4304 564 4376; x_wconf 87' lang='lat' dir='ltr'>noster,</span> <span class='ocrx_word' id='word_1_231' title='bbox 603 4297 736 4362; x_wconf 89' lang='lat' dir='ltr'><strong>nomine</strong></span> <span class='ocrx_word' id='word_1_232' title='bbox 771 4297 794 4362; x_wconf 83' lang='lat' dir='ltr'><strong>J</strong></span> <span class='ocrx_word' id='word_1_233' title='bbox 797 4298 943 4362; x_wconf 81' lang='lat' dir='ltr'>ohannes</span> <span class='ocrx_word' id='word_1_234' title='bbox 974 4297 1068 4374; x_wconf 85' lang='lat' dir='ltr'>Gast,</span> <span class='ocrx_word' id='word_1_235' title='bbox 1106 4299 1148 4364; x_wconf 89' lang='lat' dir='ltr'>de</span> <span class='ocrx_word' id='word_1_236' title='bbox 1177 4300 1366 4366; x_wconf 85' lang='lat' dir='ltr'>melioribus</span> <span class='ocrx_word' id='word_1_237' title='bbox 1402 4302 1493 4368; x_wconf 81' lang='lat' dir='ltr'><strong>villae</strong></span> 
     </span>
     <span class='ocr_line' id='line_1_33' title="bbox 445 4399 1494 4488; baseline 0.007 -25"><span class='ocrx_word' id='word_1_238' title='bbox 445 4405 575 4480; x_wconf 73' lang='lat' dir='ltr'>vestrae,</span> <span class='ocrx_word' id='word_1_239' title='bbox 592 4399 680 4484; x_wconf 90' lang='lat' dir='ltr'>quod</span> <span class='ocrx_word' id='word_1_240' title='bbox 702 4399 797 4464; x_wconf 86' lang='lat' dir='ltr'><strong>nobis</strong></span> <span class='ocrx_word' id='word_1_241' title='bbox 819 4399 917 4464; x_wconf 82' lang='lat' dir='ltr'>veldc</span> <span class='ocrx_word' id='word_1_242' title='bbox 938 4421 1040 4484; x_wconf 72' lang='lat' dir='ltr'>grave</span> <span class='ocrx_word' id='word_1_243' title='bbox 1063 4405 1121 4476; x_wconf 84' lang='lat' dir='ltr'>est,</span> <span class='ocrx_word' id='word_1_244' title='bbox 1145 4403 1181 4466; x_wconf 92' lang='lat' dir='ltr'>in</span> <span class='ocrx_word' id='word_1_245' title='bbox 1203 4403 1314 4488; x_wconf 81' lang='lat' dir='ltr'>patrie</span> <span class='ocrx_word' id='word_1_246' title='bbox 1335 4409 1494 4470; x_wconf 75' lang='lat' dir='ltr'>extranea</span> 
     </span>
     <span class='ocr_line' id='line_1_34' title="bbox 446 4502 914 4586; baseline 0.004 -22"><span class='ocrx_word' id='word_1_247' title='bbox 446 4507 496 4566; x_wconf 88' lang='lat' dir='ltr'>est</span> <span class='ocrx_word' id='word_1_248' title='bbox 523 4507 674 4566; x_wconf 84' lang='lat' dir='ltr'>mortuus</span> <span class='ocrx_word' id='word_1_249' title='bbox 697 4507 733 4565; x_wconf 89' lang='grc'>01</span> <span class='ocrx_word' id='word_1_250' title='bbox 759 4502 914 4586; x_wconf 76' lang='lat' dir='ltr'>sepultue</span> 
     </span>
    </p>
   </div>
   <div class='ocr_carea' id='block_1_11' title="bbox 458 4651 1492 4667">
    <p class='ocr_par' dir='ltr' id='par_1_12' title="bbox 458 4651 1492 4667">
     <span class='ocr_line' id='line_1_35' title="bbox 458 4651 1492 4667; baseline -0.002 -10"><span class='ocrx_word' id='word_1_251' title='bbox 458 4651 740 4657; x_wconf 75' lang='lat'><em>-.-...——--.—-.--</em></span> <span class='ocrx_word' id='word_1_252' title='bbox 1452 4659 1492 4667; x_wconf 52' lang='lat'>‘—</span> 
     </span>
    </p>
   </div>
   <div class='ocr_carea' id='block_1_12' title="bbox 792 4721 1193 4774">
    <p class='ocr_par' dir='ltr' id='par_1_13' title="bbox 792 4721 1193 4774">
     <span class='ocr_line' id='line_1_36' title="bbox 792 4721 1193 4774; baseline 0.007 -3"><span class='ocrx_word' id='word_1_253' title='bbox 792 4723 798 4751; x_wconf 95' lang='lat'>¹</span> <span class='ocrx_word' id='word_1_254' title='bbox 818 4721 864 4771; x_wconf 81' lang='lat' dir='ltr'>See</span> <span class='ocrx_word' id='word_1_255' title='bbox 876 4721 950 4772; x_wconf 78' lang='lat' dir='ltr'>letter</span> <span class='ocrx_word' id='word_1_256' title='bbox 963 4722 1193 4774; x_wconf 80' lang='lat' dir='ltr'><strong>ccccnxxvn.</strong></span> 
     </span>
    </p>
   </div>
   <div class='ocr_carea' id='block_1_13' title="bbox 0 0 1829 5796">
    <p class='ocr_par' dir='ltr' id='par_1_14' title="bbox 0 0 1829 5796">
     <span class='ocr_line' id='line_1_37' title="bbox 0 0 1829 5796; baseline 0 0"><span class='ocrx_word' id='word_1_257' title='bbox 0 0 1829 5796; x_wconf 95' lang='lat' dir='ltr'> </span> 
     </span>
    </p>
   </div>
  </div>
 </body>
</html>
