3609 5800
426 894 675 947 1ususrssr1vs
697 896 961 946 orassemus
983 896 1027 945 or
1050 896 1171 945 unsar
1194 896 1247 947 ru.
1308 885 1371 947 215

325 1074 503 1162 recipiatis,
526 1074 658 1139 nomine
690 1076 812 1153 nostro,
847 1095 945 1160 super
975 1073 1269 1159 interceptionibus
1290 1096 1373 1160 prra-

327 1176 433 1242 dictis
483 1178 529 1240 Et
550 1176 620 1254 hoc,
642 1177 727 1241 sicut
749 1198 809 1241 nos
831 1182 866 1241 et
897 1178 1053 1242 honorem
1075 1180 1225 1241 nostrum
1247 1198 1375 1241 necnon

324 1284 359 1344 et
395 1279 673 1365 tranquillitatem
709 1280 803 1365 regui
847 1280 952 1346 nostri
997 1279 1144 1367 diligitis,
1186 1279 1375 1345 nullatenus

326 1384 497 1448 omittatis.
545 1382 781 1447 Mandavimus
796 1382 883 1447 enim
903 1383 1000 1448 dictis
1016 1382 1232 1447 dictatoribus
1254 1383 1374 1447 nostris

327 1486 415 1571 quod
446 1486 489 1550 ad
521 1484 608 1550 diem
641 1486 836 1570 praedictum
858 1484 954 1549 vobis
985 1490 1155 1551 occurrant
1185 1484 1317 1563 ibidem,
1340 1490 1375 1550 et

324 1588 438 1652 literas
459 1594 589 1653 nostras
611 1588 672 1651 has
693 1587 789 1652 vobis
821 1588 988 1653 mittimus
1020 1592 1180 1674 patentes,
1204 1610 1261 1674 per
1293 1610 1374 1673 quas

326 1689 420 1756 vobis
442 1700 477 1755 et
500 1689 594 1755 sociis
617 1690 737 1756 vestris
759 1691 926 1777 praedictis
960 1712 1041 1776 quos
1064 1690 1176 1757 adesse
1198 1690 1375 1779 contigerit

325 1794 459 1879 plenam
483 1814 580 1880 super
602 1792 663 1859 hoc
685 1793 802 1859 damus
825 1798 1031 1881 potestatem.

370 1896 468 1961 Teste
490 1902 530 1962 ut
553 1917 651 1981 supra
665 1895 756 1982 [rege
778 1897 867 1982 apud
879 1895 1074 1977 Bannebirc,
1085 1895 1241 1961 vicesimo
1257 1900 1374 1981 quarto

324 1999 379 2065 die
401 1999 572 2086 Augusti}
622 1998 669 2063 Et
691 1998 877 2065 irrotulatro
899 2004 980 2065 sunt
1001 1998 1068 2065 illae
1092 1998 1198 2065 literae
1220 2004 1375 2085 patentes

323 2103 359 2171 iu
382 2103 491 2168 rotulo
514 2101 702 2189 patentium
723 2101 824 2187 hujus
846 2103 926 2168 anni
948 2101 1010 2169 sub
1032 2103 1097 2169 ista
1119 2102 1204 2167 data

368 2204 493 2271 Eodem
514 2204 612 2269 modo
634 2204 791 2270 scribitur
807 2205 966 2293 R[ogero]
984 2202 1200 2271 Coventreusi
1222 2210 1256 2269 et
1278 2204 1373 2271 Lich-

322 2307 462 2373 feldensi
484 2313 519 2372 et
542 2306 702 2393 S[imoni]
718 2306 922 2375 Norwicensi
945 2307 1113 2393 episcopis,
1129 2312 1163 2371 et
1185 2307 1310 2373 Jaccbo
1333 2308 1374 2375 de

324 2409 517 2494 Alditheley
538 2430 597 2494 per
619 2431 661 2475 se,

368 2512 414 2579 Et
444 2511 611 2578 sciendum
648 2513 736 2597 quod
770 2513 868 2577 litera
905 2518 1023 2597 patens
1060 2534 1127 2577 una
1164 2534 1238 2577 oum
1276 2511 1374 2579 litera

323 2614 446 2681 duecte
477 2612 602 2679 Jacobc
639 2612 680 2679 de
718 2613 912 2698 Alditheley
948 2613 1074 2679 tradita
1111 2613 1192 2679 fuitl
1224 2613 1373 2681 Johauui

323 2715 363 2781 de
386 2717 573 2803 Musoegros
595 2716 695 2781 militi
725 2716 855 2802 praefati
876 2716 1002 2795 Jacobi,
1028 2716 1202 2783 deferenda
1235 2717 1373 2803 praefato

240 2905 243 2909 ,
323 2818 458 2896 Jacobo,
481 2821 521 2883 ut
542 2818 612 2908 ipse
633 2818 747 2885 literas
781 2818 921 2885 directam
952 2818 1050 2884 dictis
1084 2818 1303 2885 dictatoribus
1326 2821 1373 2887 eis

322 2922 439 2988 mittat
461 2921 532 2988 sinc
555 2921 723 2988 dilatione.

368 3024 493 3091 Eodem
515 3025 620 3102 modo,
636 3031 671 3090 et
685 3026 723 3090 in
737 3025 843 3092 forma
857 3025 1024 3112 praedica,
1039 3027 1194 3092 scribitur
1216 3027 1373 3114 praedicto

321 3126 446 3194 Jacobo
468 3149 542 3194 cum
563 3127 626 3194 hac
659 3128 827 3194 clausula:
852 3128 1019 3216 Rogamus
1052 3130 1186 3216 insuper
1220 3135 1259 3194 ut
1291 3153 1372 3216 prus

321 3230 399 3296 fatis
433 3230 650 3297 dictatoribus
683 3253 726 3296 cx
759 3231 947 3301 abundanti
981 3233 1063 3298 scire
1096 3232 1223 3298 faciatis
1254 3236 1295 3298 ut
1324 3233 1372 3298 ibi

320 3333 390 3400 siut
411 3333 518 3400 modis
540 3334 702 3411 omnibus,
725 3339 761 3400 et
781 3335 893 3402 literas
928 3341 1058 3400 nostras
1089 3357 1171 3426 quas
1193 3357 1290 3421 super
1311 3335 1372 3402 hoc

321 3434 444 3502 iterum
467 3436 635 3504 mittimus
668 3436 790 3503 eisdem
825 3437 872 3502 eis
904 3458 979 3502 oum
1001 3459 1129 3504 simma
1160 3437 1371 3505 festinatione

321 3538 507 3604 transmitti
528 3537 666 3609 faciafis
711 3540 815 3616 Testa
839 3543 897 3606 etc

365 3640 491 3708 Eodem
513 3641 611 3708 modo
632 3646 667 3708 ot
688 3641 725 3707 in
746 3640 851 3706 forma
873 3641 1034 3728 praedicta
1055 3641 1211 3710 scribitur
1233 3641 1371 3731 singuiis

321 3741 538 3810 dictatoribus
560 3766 619 3830 per
640 3765 683 3810 so.

365 3845 453 3914 Item
485 3846 571 3911 siout
604 3846 696 3934 prius
726 3847 882 3913 scribitur
915 3848 1027 3912 comiti
1058 3847 1262 3914 Herefordiae
1296 3870 1370 3914 cum

318 3948 380 4014 hac
411 3948 577 4014 clausula:
601 3949 847 4035 Transcriptum
882 3953 994 4014 autem
1027 3949 1132 4016 literae
1153 3971 1253 4036 quam
1274 3950 1369 4016 nobis

318 4051 410 4116 misit
449 4051 663 4137 Messalinus]
700 4051 788 4116 filius
827 4049 960 4116 Griffini
998 4052 1039 4116 dc
1075 4051 1370 4138 interceptionibus

318 4153 413 4220 factis
436 4155 472 4218 in
494 4159 655 4239 treugam,
678 4155 767 4220 unde
797 4153 886 4218 idem
909 4153 1124 4240 L[eweliuus]
1152 4153 1247 4220 nobis
1278 4155 1368 4241 prius

318 4257 500 4344 scripserat,
523 4262 558 4320 et
578 4279 638 4342 pro
661 4256 783 4342 quibus
806 4257 893 4321 diem
916 4255 1110 4342 praedictum
1133 4258 1221 4343 apud
1237 4257 1367 4322 Vadum
1395 4253 1397 4267 '

182 4361 190 4373 ’
318 4361 359 4426 de
383 4360 619 4445 Muntgomcry
641 4358 705 4424 sibi
738 4358 949 4445 praefiximus,
973 4358 1067 4424 vobis
1100 4358 1263 4424 mittimus
1284 4381 1366 4445 prre·

318 4463 466 4530 sentibus
487 4462 711 4528 interclusum.
759 4461 856 4526 Testa
879 4465 1045 4548 utsupra

681 4666 687 4694 ¹
700 4664 770 4729 fur]
789 4665 898 4724 ruerunt,
910 4663 966 4712 us.

821 4833 1031 4842 -n—-n—
