3609 5800
403 866 445 931 46
545 879 659 931 noran
681 878 754 929 sno
777 878 894 929 ornus
917 877 1125 930 mammosa
1149 878 1301 930 Lamnas

846 1165 1016 1233 ccccm.

429 1340 507 1407 Tus
529 1340 672 1407 Bsaons
695 1356 740 1405 or
761 1354 831 1404 run
855 1340 1076 1417 Excnrouma
1097 1353 1172 1403 sun
1193 1317 1361 1405 Jcsrrcss
1384 1354 1427 1403 or

666 1460 734 1509 run
757 1442 780 1507 J
783 1459 883 1509 nwsr
905 1460 948 1508 ro
972 1442 1104 1509 Hansr
1127 1440 1195 1507 III.

748 1579 843 1644 (Royal
854 1579 963 1641 Letters,
975 1579 1023 1631 No.
1037 1580 1108 1643 699.)

238 1732 326 1781 About
452 1704 738 1773 Excellentissimo
772 1708 905 1773 domino
943 1728 1003 1772 suo
1035 1704 1221 1792 H[enrico],
1254 1702 1317 1769 Dei
1346 1704 1456 1790 gratia

238 1801 317 1851 ¹24&
407 1808 531 1875 illustri
552 1808 623 1895 regi
646 1808 788 1897 Angue,
819 1810 954 1875 dominc
977 1808 1169 1896 Hybernire,
1193 1806 1269 1872 duci
1292 1806 1457 1871 Norman-

406 1912 470 1977 niae
501 1910 728 1997 Aquitanniaa
764 1916 798 1977 et
842 1913 955 1977 comiti
987 1909 1201 1997 Andagaviae‚
1238 1910 1377 1975 barones
1416 1910 1456 1973 de

405 2014 565 2080 scaccario
600 2036 659 2079 suo
693 2019 729 2079 et
755 2014 936 2101 justiciarii
974 2015 1016 2079 ad
1047 2012 1231 2079 custodiam
1261 2012 1455 2077 Judseorum

406 2118 574 2203 assignati,
599 2116 748 2197 salutem,
771 2122 806 2182 et
829 2116 951 2183 devota
972 2138 1010 2182 ac
1031 2116 1144 2181 fidelia
1166 2115 1309 2181 servitia.

329 2240 346 2273 v
451 2219 578 2285 Literas
617 2220 854 2285 dominationis
891 2225 1012 2285 vestrae
1050 2241 1124 2283 cum
1167 2218 1345 2283 devotione
1389 2238 1455 2302 qua

235 2291 393 2423 {mm
405 2323 516 2389 decuit
538 2323 727 2408 recepimus,
752 2324 960 2388 continentes
982 2323 1072 2408 quod
1086 2322 1279 2388 Iicoriciam
1294 2342 1368 2405 quae
1389 2318 1455 2383 fuit

236 2426 365 2541 postne
404 2447 489 2491 uxor
512 2423 655 2489 Davidis
678 2424 719 2489 de
744 2424 876 2491 Oxonia
899 2424 1019 2502 Judaei,
1043 2447 1118 2490 cum
1149 2422 1301 2489 omnibus
1327 2422 1455 2487 catallis

236 2507 363 2609 Iiffla
404 2534 438 2593 et
469 2526 579 2594 vadiis
613 2550 686 2615 quae
717 2526 853 2593 fuenmt
885 2528 989 2615 ipsius
1004 2525 1162 2604 'Davidis
1184 2548 1245 2591 sex
1275 2524 1454 2591 ditioribus

236 2596 383 2677 tranauit
402 2634 437 2697 et
459 2630 705 2697 discretioribus
728 2630 858 2697 Judaeis
878 2630 1018 2717 Angue,
1032 2630 1139 2695 velint
1161 2628 1282 2709 nolint,
1297 2629 1453 2694 liberare-

235 2693 389 2809 ffilffih.
403 2755 485 2813 mus,
520 2733 580 2818 qui
616 2732 713 2799 nobis
753 2734 990 2821 responderent
1034 2731 1186 2797 terminis
1232 2731 1368 2796 statutis
1414 2730 1455 2795 de

236 2826 337 2944 ⁰223
339 2909 353 2944 e
364 2892 394 2943 of
405 2835 553 2922 quinque
577 2833 726 2901 millibus
748 2856 941 2902 marcarum.
981 2832 1113 2915 Quibus
1128 2832 1235 2897 literis
1248 2832 1405 2920 inspectis
1420 2838 1454 2897 et

235 2910 386 3011 ihseeJews
403 2937 593 3017 intellectis
633 2937 757 3017 statim,
792 2937 828 3001 in
865 2936 1043 3024 praesentia
1072 2935 1309 3001 constabularii
1340 2935 1454 3000 Turris

236 3027 348 3077 '¹¹⁰²oe
403 3045 524 3106 vestrae
557 3039 737 3106 Londoniae
771 3044 806 3104 et
838 3039 1008 3126 praedictae
1041 3037 1217 3120 Licolieiae,
1248 3037 1454 3124 injunximus

235 3095 383 3210 &cuppam
405 3148 548 3228 quatuor
582 3140 710 3207 Judaeis
746 3140 834 3226 quod
868 3141 934 3227 ipsi
964 3139 1123 3227 eligerent
1155 3163 1214 3206 sex
1245 3141 1382 3206 Judaeos
1413 3139 1455 3205 de

236 3227 378 3345 Quaene
405 3244 582 3310 ditioribus
630 3249 664 3310 et
711 3243 958 3309 discretioribus
1000 3243 1141 3330 Angliae,
1186 3243 1307 3330 quibus
1353 3242 1456 3329 juxta

405 3350 606 3434 praeceptum
627 3350 777 3412 vestrum
799 3345 990 3433 praedictam
1013 3343 1205 3412 Licoriciam
1227 3369 1302 3412 cum
1328 3344 1456 3411 catallis

405 3449 542 3514 liberare
565 3470 760 3536 possumus;
783 3449 841 3535 qui
864 3447 1034 3537 elegerunt
1056 3471 1124 3530 sex,
1147 3450 1236 3514 inter
1258 3469 1339 3534 quos
1359 3447 1454 3514 electi

404 3551 540 3617 fuerunt
571 3551 615 3617 ad
645 3551 707 3618 hoc
738 3552 854 3617 Aaron
880 3552 969 3617 filius
990 3551 1144 3632 Abrahae,
1168 3549 1281 3616 Aaron
1303 3550 1454 3616 Blundus

403 3659 437 3719 et
460 3653 658 3720 Benedictus
691 3651 840 3743 Orespin,
872 3655 939 3740 qui,
976 3654 1063 3720 sicut
1095 3652 1292 3731 audivimus,
1329 3653 1454 3718 curiam

402 3762 547 3822 vestram
580 3763 771 3842 sequuntur.
827 3756 873 3824 Et
905 3758 984 3842 quia
1022 3757 1091 3822 sine
1128 3778 1240 3822 eorum
1277 3755 1454 3844 praesentia

402 3861 536 3947 negotia
558 3866 668 3924 vestra
698 3859 735 3925 in
765 3859 827 3926 hac
856 3867 952 3947 parte
974 3859 1011 3925 in
1033 3861 1138 3926 forma
1160 3882 1182 3925 a
1203 3859 1297 3925 vobis
1320 3859 1453 3947 provisa

403 3985 471 4028 non
492 3967 632 4050 possunt
654 3962 812 4050 expediri,
837 3961 1059 4029 dominationi
1087 3968 1205 4029 vestrae
1232 3963 1453 4050 supplicamus

403 4073 566 4152 quatenus
597 4067 684 4154 ipsos
706 4066 841 4133 Judaeos
872 4067 916 4132 ad
945 4089 1005 4132 nos
1035 4066 1097 4132 sub
1126 4065 1339 4132 festinatione
1361 4066 1452 4131 mitti
1539 4068 1544 4076 '

402 4169 608 4256 praecipiatis.
675 4167 794 4235 Valeat
843 4169 1026 4235 dominatio
1063 4175 1173 4236 vestra
1209 4189 1267 4257 per
1303 4176 1452 4256 tempora

401 4269 558 4360 longiora

494 4477 572 4482 --—-——
586 4477 591 4481 ι
663 4475 707 4480 ·---
726 4475 922 4480 ———-——-———--
951 4476 957 4480 -
1031 4477 1077 4480 -----
1092 4476 1291 4483 ---·—-—
1302 4477 1312 4482 -
1327 4473 1435 4481 -u-mo.

585 4603 592 4632 ¹
610 4601 657 4654 See
668 4600 773 4662 Mamor,
784 4599 891 4666 History
901 4600 933 4651 os
939 4600 982 4653 the
993 4601 1153 4670 Exchequer,
1165 4602 1192 4653 ii.
1203 4618 1228 4669 p.
1241 4609 1265 4653 3.
