3609 5800
437 893 686 948 rnnusmarrvn
709 895 752 944 or
774 895 843 947 ssu
865 895 971 945 amau
996 896 1039 945 or
1063 895 1183 948 senar
1206 896 1254 946 111.
1308 878 1374 949 207

323 1072 359 1131 et
388 1068 572 1155 gratiarum
603 1070 810 1157 plenitudine
841 1068 1003 1138 Dominus
1035 1070 1204 1143 decoravit
1238 1069 1281 1136 ad
1324 1068 1375 1133 sui

323 1171 433 1258 gregis
464 1172 645 1259 profectum
675 1172 858 1240 constituat
887 1194 985 1260 nuper
1014 1173 1128 1251 multe,
1162 1174 1286 1259 fiatque
1316 1193 1374 1259 per

323 1273 432 1359 ipsum
463 1276 546 1340 coelo
579 1296 661 1362 grex
695 1276 765 1362 ipse
796 1275 945 1354 vicinior,
977 1284 1012 1341 et
1042 1275 1130 1343 sun
1163 1275 1288 1347 mundo
1319 1296 1377 1361 per

324 1374 394 1461 ejus
415 1377 645 1459 ministerium,
668 1399 800 1465 paxque
816 1377 1022 1447 Christicolis
1043 1376 1184 1445 feliciter
1205 1382 1374 1465 augeatur.

369 1478 482 1565 Hujus
511 1479 616 1567 igitur
645 1480 871 1561 exultationis,
902 1486 999 1567 peter
1028 1486 1152 1559 sancte,
1187 1482 1374 1569 participes,

323 1582 366 1647 ad
399 1582 499 1668 pedes
521 1591 644 1651 vestrae
666 1585 857 1650 sanctitatis
880 1583 1018 1654 dilectos
1050 1584 1146 1651 nobis
1169 1582 1373 1651 Willelmum

325 1685 365 1749 de
388 1684 565 1755 Chauueut
587 1686 740 1757 clericum
762 1692 797 1753 et
819 1685 1023 1758 willelmum
1043 1687 1086 1753 ds
1108 1687 1211 1753 Aette
1232 1687 1373 1755 militem

322 1793 452 1853 nostros
507 1788 621 1854 fideles
664 1789 935 1868 trunsmittimus,
980 1789 1038 1875 qui
1083 1794 1207 1855 nostrm
1250 1790 1373 1858 mentis

319 1889 463 1974 jubilum
495 1892 590 1960 vobis
620 1892 801 1971 insinuent,
838 1913 963 1978 nosque
1000 1899 1035 1958 et
1071 1898 1200 1959 nostros
1233 1898 1267 1959 et
1301 1914 1375 1979 quse

324 1997 438 2059 nostra
467 2000 548 2059 sunt
581 2000 702 2063 vestrm
734 1993 937 2061 beatitudini
967 2016 1042 2061 cum
1076 1994 1167 2061 omni
1198 1993 1374 2061 devotione

322 2098 595 2165 recommendant
638 2098 736 2178 Quod
760 2103 873 2164 autern
895 2098 933 2163 id
951 2098 1110 2166 hactenus
1128 2098 1229 2183 juxta
1250 2104 1373 2165 nostrae

320 2201 441 2267 mentis
487 2201 686 2269 desiderium
732 2200 858 2268 efficere
904 2202 1123 2288 nequivimus,
1172 2224 1214 2267 ne
1266 2223 1368 2289 greve

321 2309 416 2388 gerat
443 2309 557 2375 vestra
585 2304 745 2373 sanctitas
774 2304 829 2370 vel
859 2302 1055 2391 indignum
1085 2305 1268 2391 prmsertim
1298 2324 1372 2369 cum

321 2405 416 2471 varia
459 2406 556 2475 nobis
600 2408 839 2495 impedimenta
883 2407 1075 2494 paraverint
1120 2408 1213 2495 regni
1266 2408 1373 2473 nostri

319 2509 468 2575 turbatio
503 2510 629 2577 dudum
655 2511 799 2589 suborto,
823 2515 858 2575 et
884 2514 1071 2579 nostrorum
1095 2510 1231 2575 rebellio
1259 2508 1373 2575 subdi·

320 2617 440 2691 torum,
475 2636 557 2700 quos
587 2615 689 2692 nobis,
724 2620 765 2679 ut
798 2634 974 2699 speremus,
1008 2614 1080 2698 jorn
1112 2614 1221 2678 virtus
1255 2613 1371 2680 divine

322 2716 467 2782 reddidit
488 2718 687 2783 humiliatos

366 2816 568 2887 Paternitati
590 2821 691 2886 etiam
714 2828 834 2888 vestrm
854 2842 987 2910 precum
1011 2821 1173 2886 instantia
1197 2842 1263 2907 qua
1278 2821 1370 2887 dccet

321 2927 355 2988 et
392 2924 527 3010 expedit
564 2925 786 3012 supplicamus
818 2929 955 3002 attente,
994 2931 1033 2990 ut
1071 2924 1122 2990 his
1160 2946 1235 3010 quae
1267 2927 1372 2992 nostri

323 3026 434 3090 nuntii
466 3027 654 3113 supradicti,
678 3033 747 3092 tam
774 3049 834 3115 pro
867 3027 1002 3115 negotio
1033 3030 1137 3094 crucis
1167 3049 1267 3114 quam
1298 3027 1372 3092 aliis

324 3149 383 3192 nos
403 3150 462 3194 seu
475 3151 613 3216 regnum
627 3135 778 3195 nostrum
792 3130 1070 3218 contingentibm‚
1087 3129 1181 3196 vobis
1196 3135 1371 3218 exponent,

323 3229 421 3296 fidem
444 3238 478 3297 at
508 3231 656 3301 fauorem
682 3233 880 3300 benevolum
903 3239 1014 3300 vestra
1037 3234 1193 3321 dignetur
1216 3235 1374 3300 sanctitas

324 3331 488 3400 adhibere.

368 3435 465 3502 'l'este
487 3459 563 3526 rega
585 3439 674 3527 apud
697 3439 935 3519 windesoram,
959 3439 1114 3506 vicesimo
1138 3439 1190 3504 die
1215 3437 1339 3504 Martii.

623 3671 1057 3684 ,μὴ

770 3835 929 3903 DLXXI.

565 3993 688 4058 Roona
710 3991 828 4057 Lovnn
850 4007 894 4054 ro
917 3989 1048 4053 Hnnar
1071 3985 1137 4051 III.

671 4131 767 4197 (noyn
778 4131 884 4195 mrem,
896 4129 945 4193 uo.
959 4131 1030 4193 ⁹⁵6·)

366 4248 579 4316 Sereniesimo
612 4269 650 4314 ec
683 4245 957 4314 excellentissimo
991 4242 1124 4312 domino
1146 4261 1214 4318 suo,
1237 4237 1370 4305 domino
1384 4249 1446 4316 May
1460 4257 1499 4312 14,

324 4350 508 4437 H[enrico],
547 4350 611 4422 Dei
647 4351 757 4439 gratia
792 4349 917 4416 illustri
954 4348 1024 4436 regi
1057 4343 1197 4431 Angue,
1237 4339 1369 4412 domino
1386 4321 1464 4368 ¹²⁶²·¹

323 4453 465 4522 Iberniae
502 4459 537 4520 et
575 4454 651 4520 duci
682 4453 882 4541 Aquitsniae,
922 4472 999 4518 suus
1037 4446 1215 4536 R[ogerus]
1256 4442 1369 4516 Lovell

699 4779 706 4808 ¹
725 4778 856 4830 Scelesta
867 4775 990 4827 Dum
