3609 5800
448 886 697 937 ratusraanvs
720 890 764 936 oe
787 889 856 937 run
880 888 987 937 anrcu
1011 890 1054 939 or
1078 890 1199 939 nnusv
1222 892 1273 940 111.
1321 874 1386 945 277

331 1059 548 1125 residentium
564 1066 598 1127 et
620 1062 759 1127 aliorum
782 1063 971 1127 elericorum
994 1064 1090 1128 nobis
1104 1067 1138 1128 et
1155 1084 1258 1150 regno
1272 1069 1387 1131 nostro
1399 1076 1493 1127 aetion
1504 1079 1534 1129 of

331 1162 578 1228 adversantium
601 1167 635 1228 et
657 1169 754 1229 extra
777 1186 917 1250 regnum
947 1169 1098 1231 nostrum
1121 1164 1291 1253 agentium
1323 1144 1517 1279 dis-{3f0‘ss‘jsstly

331 1262 477 1343 trahant,
501 1264 684 1343 devastent,
708 1272 742 1330 et
765 1271 982 1346 consumant3
1013 1290 1051 1333 ac
1077 1289 1136 1333 nos
1162 1267 1387 1334 ecclesiasticae
1518 1252 1524 1264 ⁸

330 1363 481 1431 libertati
514 1366 551 1430 in
580 1366 641 1432 hac
671 1373 766 1454 parte
795 1368 977 1453 prospicere
1004 1368 1162 1446 volentes,
1187 1370 1227 1433 de
1254 1369 1387 1435 consilio

331 1466 542 1552 praelatorum
572 1474 607 1534 et
630 1468 789 1533 baronum
821 1476 1007 1535 nostrorum
1038 1471 1079 1535 de
1110 1471 1244 1536 consilio
1274 1476 1387 1537 nostro

331 1569 547 1634 existentium
577 1571 852 1657 assignaverimus
882 1572 1095 1660 H[enricum]
1125 1572 1385 1639 Londoniensem

330 1670 526 1758 episcopum,
556 1672 821 1738 archidiaconum
845 1672 1077 1753 Oxoniensem,
1100 1680 1135 1739 et
1166 1674 1387 1761 Reginaldum

331 1772 372 1837 de
394 1773 549 1854 Norwed‚
571 1774 615 1839 ad
637 1774 765 1839 fructus
787 1778 822 1839 et
848 1781 1031 1863 proventus
1054 1782 1088 1840 et
1115 1776 1202 1841 bona
1224 1777 1388 1842 eeclesias-

330 1875 396 1941 tica
418 1875 606 1942 clericomm
629 1877 862 1963 praedictorum
888 1884 959 1943 tam
990 1878 1026 1941 in
1057 1877 1188 1943 dioecesi
1212 1876 1388 1944 Cantuari-

330 1978 399 2041 ensi
415 2000 515 2063 quam
538 1978 574 2042 in
589 1978 663 2044 aliis
684 1978 853 2044 beneficiis
872 1978 940 2043 suis
956 1984 1052 2044 extra
1067 1980 1206 2045 eandem
1222 1980 1386 2045 dioecesim

329 2078 373 2143 ad
417 2079 625 2145 collationem
670 2081 822 2168 praedicti
876 2080 1108 2167 archiepiscopi
1162 2081 1388 2168 spectantibus

330 2180 512 2268 colligenda
527 2186 561 2247 et
584 2182 808 2262 custodienda,
825 2183 875 2247 ita
897 2183 986 2268 quod
1008 2183 1135 2248 fructus
1151 2190 1186 2249 et
1209 2190 1388 2270 proventus

329 2288 364 2348 et
392 2284 480 2349 bona
511 2284 671 2370 praedicta
700 2287 814 2370 reponi
847 2285 994 2349 facerent
1027 2286 1063 2349 in
1096 2285 1230 2350 eeclesia
1263 2286 1387 2351 Christi

329 2385 526 2464 Cantuarire,
549 2386 584 2450 in
606 2385 712 2450 forma
734 2408 792 2472 per
814 2386 969 2473 pmelatos
991 2392 1026 2451 et
1047 2386 1186 2451 barones
1212 2388 1385 2472 predictos

328 2486 478 2571 provisa;
499 2509 538 2552 ac
568 2483 669 2552 iidem
693 2488 860 2573 episcopus
887 2494 923 2552 et
953 2486 1199 2553 archidiaconus
1229 2488 1272 2552 ad
1302 2512 1385 2575 pree·

328 2590 427 2653 missa
442 2589 634 2675 exequenda
648 2589 801 2676 deputati
817 2589 860 2653 ad
882 2610 1026 2675 praesens
1049 2611 1116 2653 non
1138 2590 1207 2654 sint
1222 2589 1258 2653 in
1273 2612 1383 2677 regno,

328 2695 363 2756 et
392 2692 493 2755 etiam
523 2696 749 2777 procuratores
779 2713 891 2756 eorum
931 2691 974 2756 ad
1008 2691 1068 2756 hoc
1098 2692 1303 2779 negligentes
1333 2694 1384 2757 in-

327 2792 512 2870 veniantur,
539 2815 598 2879 per
627 2794 717 2879 quod
747 2816 868 2881 magna
899 2793 1073 2859 distractio
1105 2816 1161 2858 seu
1189 2794 1383 2881 dilapidatio

327 2894 484 2960 debonis
515 2895 744 2963 eeclesiarum¹
776 2894 1009 2984 praedictarum
1032 2901 1166 2982 propter
1189 2901 1382 2982 prementem

327 2998 420 3084 regni
453 2999 680 3063 turbationem
710 2999 783 3062 fieri
816 3002 935 3084 posset,
968 2997 1032 3062 nisi
1066 2997 1106 3062 de
1137 3000 1384 3066 conservatione

328 3100 505 3165 eorundem
550 3121 625 3165 cum
662 3101 832 3166 celeritate
869 3100 1106 3187 provideatur3
1144 3101 1384 3188 assignavimus

328 3200 483 3266 dilectum
514 3202 667 3268 clericum
697 3207 847 3268 nostrum
878 3201 1061 3268 Henrieum
1085 3202 1125 3266 de
1149 3202 1310 3268 Otintone
1340 3205 1383 3268 ad

328 3303 426 3368 blada
447 3305 612 3370 dictorum
643 3304 876 3369 beneficiorum
910 3303 946 3367 in
978 3303 1175 3389 quibusdam
1210 3303 1289 3369 locis
1319 3305 1383 3370 sibi

327 3406 501 3492 assignatis
545 3428 605 3492 per
649 3412 890 3470 sacramentum
936 3405 1111 3491 proborum
1149 3411 1183 3471 et
1227 3405 1381 3492 legalium

326 3507 496 3571 hominum
519 3509 686 3573 aestimata
708 3513 742 3572 et
765 3506 962 3594 appreciata,
986 3507 1169 3586 vendenda,
1194 3529 1250 3594 per
1272 3508 1381 3573 visum

326 3614 362 3674 et
398 3610 569 3675 consilium
603 3613 851 3697 procuratorum
882 3609 1124 3694 praedictorum,
1159 3608 1187 3672 si
1226 3609 1382 3676 interesse

326 3711 511 3793 voluerint3
549 3712 671 3797 quibus
709 3711 770 3777 hoc
807 3711 896 3775 idem
934 3711 1125 3775 denunciari
1159 3713 1380 3798 praecepimus,

326 3813 375 3877 ita
395 3814 482 3899 quod
504 3814 545 3878 de
568 3813 715 3879 exitibus
737 3813 814 3878 inde
836 3812 1110 3898 provenientibus
1132 3815 1230 3898 prout
1251 3813 1380 3898 justum

326 3915 426 3980 fuen't
457 3915 611 3980 satisfieri
633 3915 798 3980 faciamus.

371 4017 417 4081 Et
438 4017 512 4082 ideo
534 4017 628 4082 vobis
652 4016 847 4080 innodamus
870 4015 959 4101 quod
982 4015 1120 4102 praefato
1144 4015 1287 4080 Henrico
1309 4021 1380 4081 tam

325 4119 410 4185 circa
431 4119 682 4184 aestimationem
715 4140 813 4203 quam
836 4117 1061 4182 venditionem
1095 4116 1281 4195 eorundem,
1305 4139 1379 4182 cum

325 4222 368 4285 ab
389 4243 426 4286 eo
448 4221 600 4306 requisiti
623 4220 762 4296 fueritis,
785 4219 948 4283 assistatis
976 4224 1010 4283 et
1032 4218 1224 4298 intendatis,
1247 4222 1282 4282 et
1305 4241 1380 4284 con·

324 4323 435 4387 silium
458 4327 493 4387 et
514 4323 676 4387 auxilium
700 4327 847 4386 vestrum
870 4320 1045 4385 efficaciter
1066 4319 1273 4405 impendatis.

368 4423 465 4488 Teste
487 4445 562 4510 rege
588 4423 677 4509 apud
702 4421 926 4498 Cantauriani,
950 4427 1046 4486 sexto
1073 4421 1197 4485 decimo
1220 4421 1274 4485 die
1297 4421 1378 4507 Sep·

323 4525 465 4590 tembria

589 4786 595 4813 ¹
613 4782 781 4848 ecclesiarum]
800 4781 1032 4842 ecclesiasticarum,
1045 4781 1102 4832 MS.
