3609 5800
445 895 510 964 178
601 911 715 960 uem
738 911 811 960 AND
834 911 949 960 O'l'HllR
972 911 1178 959 masculeta
1202 909 1352 958 liutadus

446 1097 610 1182 majorem.
667 1099 712 1164 Et
749 1098 824 1164 ideo
862 1098 956 1164 vobis
993 1098 1189 1163 mandamus
1227 1102 1390 1182 quatenus
1421 1117 1495 1160 cum

447 1201 538 1265 omni
561 1201 741 1288 diligentia
772 1201 938 1266 studeatis
960 1206 995 1266 et
1016 1201 1190 1276 consilium
1203 1199 1377 1287 apponatis
1404 1197 1493 1284 quod

447 1303 557 1366 omnia
578 1302 615 1367 in
636 1303 795 1391 praedicto
817 1303 956 1370 arbitrio
980 1309 1092 1370 nostro
1122 1307 1277 1370 contenta
1306 1325 1364 1389 per
1391 1301 1497 1366 dictos

445 1405 656 1470 senescallum
679 1411 714 1471 et
735 1405 923 1474 dohannem
948 1406 1102 1496 compleri
1124 1406 1259 1471 valeant
1282 1411 1316 1470 et
1339 1400 1494 1470 fuerunt¹

445 1508 559 1586 teneri,
576 1507 622 1573 eis
637 1507 809 1575 efficaciter
823 1509 1034 1596 injungentes
1050 1507 1113 1575 ca⁹
1129 1509 1240 1574 omnia
1259 1507 1497 1574 inviolabiliter

444 1609 567 1675 faciant
614 1612 791 1693 observari,
828 1613 1009 1680 seeundum
1047 1611 1135 1698 quod
1171 1613 1250 1698 ipsis
1287 1633 1346 1698 per
1383 1610 1496 1676 literas

444 1716 574 1778 nostras
596 1719 747 1801 patentes
770 1715 922 1781 dedimus
943 1716 977 1780 in
1002 1715 1189 1795 mandatis;
1215 1735 1257 1779 ne
1286 1717 1417 1779 tantam
1440 1735 1496 1799 po-

445 1819 601 1882 testatem
636 1823 670 1882 et
702 1818 895 1896 dominium,
918 1841 991 1905 quae
1022 1841 1080 1906 per
1109 1817 1378 1904 compromissum
1402 1821 1497 1880 ante·

445 1916 571 1983 dictum
606 1919 760 1986 similiter
793 1927 829 1986 et
859 1923 1034 1988 arbitrium
1065 1927 1216 1987 nostrum
1250 1920 1363 2006 adepti
1384 1940 1497 1984 sumus

445 2019 483 2084 in
504 2021 595 2087 cives
619 2021 834 2110 Burdcguliae,
858 2045 919 2090 nos
945 2028 980 2090 et
1009 2046 1069 2089 vos
1099 2045 1158 2110 per
1188 2022 1413 2110 ignorantiam
1442 2020 1497 2086 vel

444 2122 682 2210 negligentiam
703 2125 849 2211 aliquam
871 2126 1070 2191 amittamus.

489 2224 652 2292 Praeterea
673 2249 747 2294 cum
778 2251 853 2315 pars
883 2229 965 2295 dicti
988 2228 1192 2316 G[ayllardi]
1216 2227 1378 2306 columbi,
1412 2227 1496 2293 sicut

444 2347 550 2414 nuper
559 2329 692 2395 Parisiis
701 2332 864 2397 veraciter
874 2331 1039 2410 scivimus,
1050 2353 1124 2396 cum
1135 2331 1271 2418 praefato
1284 2329 1495 2418 G[ayllardo]

444 2429 485 2495 de
508 2429 598 2496 Solio
630 2439 665 2498 et
689 2455 750 2499 sua
779 2439 874 2521 parte
904 2455 1017 2522 pacem
1048 2435 1131 2500 inire
1162 2439 1279 2500 conata
1308 2435 1419 2512 fucrit,
1446 2457 1495 2499 aa·

443 2553 541 2599 seusu
563 2541 676 2600 nostro
700 2540 735 2601 et
757 2541 870 2602 vestro
892 2559 991 2624 super
1020 2535 1082 2604 hoc
1104 2537 1239 2604 minime
1269 2537 1435 2623 requisito,
1458 2559 1496 2603 ac

442 2633 531 2701 idem
566 2637 793 2725 G[ayllardus]
828 2641 869 2706 de
904 2639 994 2706 Solio
1032 2661 1092 2727 pro
1130 2639 1278 2706 utilitate
1311 2647 1427 2705 nostra
1460 2645 1495 2705 et

442 2744 553 2803 vestra
593 2761 721 2806 necnon
767 2747 802 2807 et
839 2743 964 2808 honore
995 2743 1030 2807 id
1066 2744 1106 2808 de
1144 2743 1243 2832 plano
1286 2743 1494 2821 recusaverit,

442 2839 538 2905 vobis
560 2843 757 2910 mandamus
780 2845 968 2931 quodcirca
982 2846 1115 2933 negotia
1131 2845 1276 2933 ejusdem
1293 2845 1495 2935 G[ayllardi]

442 2942 484 3007 de
507 2943 598 3009 Solio
619 2950 654 3010 et
675 2968 809 3013 suorum
839 2970 914 3015 cum
932 2950 1068 3035 justitia
1091 2949 1191 3015 talem
1222 2972 1333 3015 curam
1357 2955 1391 3015 et
1421 2948 1495 3014 dili-

442 3046 590 3132 gentiam
623 3048 743 3116 habere
777 3052 907 3134 curetis,
931 3057 965 3117 et
999 3075 1058 3140 per
1087 3053 1300 3119 senescallum
1323 3052 1495 3117 Vaseoniae

442 3148 592 3215 exhiberi
609 3151 765 3236 jubeatis,
788 3176 831 3220 ne
853 3155 890 3220 id
919 3156 1008 3242 quod
1039 3176 1098 3243 pro
1126 3156 1295 3221 commodo
1317 3160 1431 3221 nostro
1462 3160 1496 3220 ct

441 3256 552 3317 vestro
574 3254 701 3340 pariter
723 3262 758 3321 ct
780 3256 904 3324 honore
927 3281 1002 3325 cum
1025 3258 1179 3347 expensis
1201 3254 1495 3325 innumerabilibus

440 3352 569 3419 damnis
591 3360 626 3421 et
645 3360 894 3445 gravaminibus
923 3368 1114 3449 prosecutus
1141 3366 1199 3439 est,
1221 3362 1284 3427 sibi
1308 3368 1342 3427 et
1364 3360 1431 3426 suis
1460 3362 1497 3425 in

441 3455 652 3544 dispendium
683 3462 779 3527 cedat
808 3468 843 3529 et
873 3485 1076 3551 gravamen3
1111 3462 1227 3529 taliter
1257 3484 1315 3529 vos
1337 3464 1495 3530 habentes

440 3558 478 3623 in
499 3562 675 3647 praemissis
701 3566 789 3651 quod
818 3567 883 3654 ipsi
914 3572 950 3633 et
979 3568 1037 3633 alii
1067 3572 1219 3649 nostrum
1248 3566 1431 3654 profectum
1461 3572 1495 3633 et

440 3667 588 3729 vestrum
618 3670 653 3731 et
682 3666 817 3734 honoris
851 3671 1093 3737 incrementum
1127 3670 1183 3737 avi
1208 3716 1218 3738 .
1240 3719 1250 3735 .
1272 3719 1281 3736 .
1307 3719 1316 3736 .
1342 3670 1493 3757 prosequi

440 3764 548 3933 vpslsspt
569 3774 604 3833 et
626 3768 775 3848 debeant,
798 3777 833 3838 et
854 3795 914 3861 pro
945 3774 997 3840 his
1019 3774 1146 3841 labores
1170 3778 1205 3839 ct
1231 3773 1332 3838 taedia
1358 3774 1494 3839 hilarius

438 3891 454 3931 s
509 3891 609 3937 merc.

484 3971 581 4039 Teste
595 3996 648 4040 me
662 3976 733 4063 ipso
748 3978 837 4066 apud
851 3978 1100 4067 Wyndesoram,
1117 3984 1257 4073 septimo
1272 3988 1325 4054 die
1341 3984 1492 4075 Augusti,

439 4096 527 4141 anuo
548 4077 643 4164 regni
664 4080 769 4146 nostri
785 4082 1034 4170 quadragesimo
1058 4085 1182 4172 quinto.

415 4442 425 4461 κ
475 4424 482 4453 ¹
493 4424 614 4493 sarum]
634 4430 668 4480 so
685 4428 742 4482 us
965 4432 971 4504 Ι
1021 4438 1086 4505 aa]
1099 4437 1275 4505 flauam,
