3609 5800
411 847 661 900 mansrasurva
683 850 728 899 or
749 850 819 900 rna
841 850 949 901 amos
973 851 1017 899 or
1039 850 1161 901 anum
1185 852 1234 901 ns
1282 839 1346 903 243

293 1023 412 1108 juncta
449 1026 583 1092 domino
617 1028 686 1115 regi
724 1028 940 1114 expomrimus.
999 1028 1127 1109 Quibus
1160 1028 1282 1095 auditis
1313 1032 1348 1094 et

297 1126 484 1205 intellectis,
509 1130 663 1195 dominus
692 1152 752 1195 rex
781 1131 876 1196 nobis
898 1130 1000 1196 alium
1024 1131 1111 1197 diem
1133 1132 1286 1219 praefixit,
1308 1136 1348 1195 ut

298 1227 434 1295 interim
457 1253 530 1295 cum
553 1234 672 1297 comite
694 1233 878 1299 leicestriae
896 1256 994 1320 super
1016 1235 1191 1321 praemissis
1213 1234 1348 1299 haberet

297 1336 485 1399 tractatum
540 1336 604 1399 Die
625 1357 704 1400 vero
727 1335 845 1401 Martis
874 1337 911 1400 in
935 1336 1152 1423 Omniprivio,
1183 1335 1348 1423 praedictis

298 1436 455 1521 magistro
478 1436 650 1523 H[ugone]
675 1442 708 1502 et
730 1438 838 1526 priore
860 1438 1087 1525 praesentibue,
1110 1438 1263 1504 dominus
1287 1460 1348 1503 rex

298 1537 453 1603 articulos
487 1544 522 1604 et
558 1539 736 1626 petitiones
766 1545 907 1621 nostras,
939 1544 974 1607 et
1004 1541 1140 1629 negotia
1170 1541 1267 1607 nobis
1297 1539 1348 1605 in·

293 1638 412 1723 juncta
433 1640 469 1705 in
491 1641 598 1706 forma
619 1664 686 1728 qua
707 1642 773 1707 sihi
794 1665 834 1708 ea
855 1643 946 1729 prius
969 1664 1221 1730 exposueramus
1239 1664 1348 1708 coram

297 1741 392 1807 nobis
414 1744 499 1809 serio
521 1743 677 1809 recitavit
698 1749 733 1810 et
767 1745 935 1825 succinte;
961 1746 1135 1811 asserendo
1157 1746 1244 1831 quod
1278 1744 1348 1831 ipse

298 1866 372 1909 cum
415 1846 550 1912 domino
586 1848 706 1913 comite
743 1848 930 1915 Leieestriae
966 1852 1149 1915 tractatum
1186 1847 1348 1913 habuerat

298 1969 395 2034 super
415 1950 559 2037 negotiis
580 1946 780 2031 memoratis,
796 1956 831 2015 et
852 1950 941 2037 quod
957 1950 1110 2017 dominus
1133 1972 1240 2017 comes
1263 1951 1348 2017 bene

298 2049 387 2116 dixit
408 2052 497 2139 quod
519 2074 578 2117 vos
600 2052 685 2117 nihil
716 2052 781 2117 nisi
803 2052 928 2118 honum
950 2053 1125 2135 voluistis;
1157 2054 1215 2119 sed
1245 2052 1348 2138 aliqui

298 2152 339 2218 de
360 2155 495 2220 consilio
516 2161 628 2221 vestro
659 2155 700 2220 de
722 2177 801 2242 pace
822 2176 891 2221 non
922 2156 1066 2222 multum
1100 2159 1266 2234 eruerunt,
1288 2176 1349 2221 nec

298 2255 403 2341 ipsam
439 2256 582 2324 libenter
614 2262 849 2344 procurarent;
888 2258 976 2351 unde
1014 2258 1119 2325 eidem
1154 2258 1275 2336 comiti,
1309 2262 1349 2323 ut

298 2358 436 2436 dicebat,
481 2381 549 2426 non
593 2360 778 2441 videbatur,
817 2366 919 2447 prout
963 2360 1053 2425 idem
1097 2359 1250 2427 dominus
1288 2379 1349 2423 rex

299 2460 446 2527 Francia
468 2462 565 2528 nobis
587 2463 684 2542 dixit,
707 2464 796 2549 quod
818 2466 954 2551 propter
975 2462 1138 2548 quaedam,
1164 2484 1238 2549 quaa
1252 2460 1348 2527 vobis

297 2563 333 2627 in
363 2563 510 2630 adventu
539 2570 653 2630 nostro
685 2565 722 2629 in
743 2565 902 2653 Angliam
924 2564 1003 2630 viva
1025 2586 1104 2631 voce
1136 2584 1346 2652 exponemus,

298 2665 340 2729 ad
370 2666 526 2732 honorem
557 2688 654 2732 suum
690 2690 804 2755 paoem
841 2668 947 2734 facere
978 2674 1088 2755 posset
1125 2667 1178 2732 his
1212 2665 1348 2747 dicbus3

299 2770 544 2855 propterquod
572 2770 661 2835 idem
690 2790 797 2835 comes
820 2770 1015 2857 pradictum
1037 2769 1208 2835 dominum
1238 2790 1348 2855 regem

299 2870 445 2939 Franciae
482 2872 613 2961 rogavit
650 2872 747 2959 quod,
784 2873 828 2938 ad
873 2894 1025 2960 praesens,
1062 2872 1147 2940 circa
1183 2871 1350 2960 praemissa

298 2973 435 3040 ulterius
457 2997 524 3040 non
546 2975 732 3058 laboraret;
755 2976 877 3062 quibus
899 2975 1025 3042 auditis
1045 2996 1105 3042 nos
1127 2974 1350 3040 incontinenti

298 3097 319 3140 a
340 3077 474 3142 domino
495 3098 573 3165 rege
595 3077 744 3144 Franciae
767 3078 937 3144 licentiam
959 3078 1104 3165 cepimus
1126 3076 1339 3166 repatriandi.

342 3179 408 3244 Sed
429 3181 466 3244 in
489 3178 633 3246 arantino
648 3181 785 3246 veniens
800 3181 844 3246 ad
865 3181 991 3247 curiam
1014 3181 1166 3247 dominus
1181 3180 1350 3246 Johannee

298 3281 338 3347 de
360 3281 542 3363 Valentia,¹
557 3305 616 3369 per
638 3283 810 3348 dominum
831 3304 942 3371 regem
965 3288 999 3348 et
1014 3283 1182 3348 dominam
1203 3283 1350 3370 reginam

299 3385 447 3452 Franciae
479 3407 540 3451 nos
571 3384 711 3451 detineri
744 3385 832 3465 fecit,
866 3391 907 3450 ut
944 3385 1008 3472 ipsi
1040 3407 1138 3473 super
1174 3385 1352 3473 praemissis

298 3509 371 3553 cum
408 3487 547 3576 praefato
580 3488 699 3553 comite
733 3493 916 3554 tractatum
954 3488 1115 3554 haberent
1150 3487 1352 3575 pleniorem

298 3592 356 3656 sed
378 3591 460 3677 quid
489 3588 567 3656 inde
598 3591 704 3677 possit
736 3595 796 3656 aut
827 3590 947 3656 debeat
979 3590 1110 3656 evenire
1140 3590 1350 3679 ignoramus;

298 3693 363 3772 sed,
387 3715 463 3759 cum
484 3692 629 3779 aliquam
652 3693 730 3759 inde
745 3693 980 3760 certitudinem
1002 3693 1222 3772 habuerimus,
1237 3713 1351 3759 versus

298 3796 455 3883 angliam
499 3796 699 3861 festinanter
735 3795 913 3862 veniemus.
972 3795 1137 3862 Dominus
1174 3816 1253 3862 vero
1290 3817 1351 3860 rex

299 3898 455 3977 Franciae,
477 3902 512 3963 et
538 3898 672 3964 domina
693 3899 819 3987 regina,
842 3921 917 3965 curn
948 3897 1062 3966 liberis
1084 3899 1151 3964 auis
1174 3898 1249 3964 sani
1272 3901 1351 3961 sunt

297 4006 332 4066 et
354 4001 542 4080 incolumes,
558 4006 704 4068 vestram
726 4003 981 4090 prosperitatem
999 4005 1035 4068 et
1056 3999 1351 4068 convalescentiam

295 4109 454 4190 tanquam
475 4104 644 4192 propriam
670 4105 870 4172 affectantes
915 4103 1036 4170 Valeat
1058 4103 1255 4172 excellentia
1279 4121 1352 4168 vea-
1488 4139 1489 4144 κ

297 4212 351 4272 tra
372 4207 463 4294 regia
484 4229 545 4294 per
566 4212 717 4296 tempora
737 4208 896 4295 longiora

341 4309 468 4376 Datum
490 4309 635 4390 Parisiis,
657 4310 695 4376 in
717 4311 860 4376 erastino
883 4309 1048 4376 Oinerum.

531 4529 875 4610 ¹V01aa1v2antus
910 4543 1049 4606 Butseep.
1062 4546 1118 4592 aar.
