3609 5800
840 879 1019 929 arrasum
1042 877 1076 928 11.

909 1075 969 1134 No.
990 1077 1019 1134 4.

726 1201 797 1263 (sor.
809 1200 866 1252 Pau
878 1204 911 1250 ³2
923 1200 989 1251 sen.
1002 1200 1061 1262 111,
1071 1201 1163 1250 mess.
1176 1202 1214 1264 ε.)

269 1319 424 1374 septenes.
473 1314 536 1369 Rex
555 1314 700 1380 omuibus,
721 1321 778 1371 etc.

267 1387 397 1483 {afflig
473 1398 580 1456 Sciatis
606 1417 659 1455 nos
685 1401 779 1455 teneri
797 1399 972 1470 Roymundo
988 1399 1114 1456 Arneldi
1131 1398 1298 1455 vicecomiti
1323 1398 1491 1454 Tartsceusi

268 1488 381 1542 cosoonr·
437 1484 468 1538 in
486 1483 594 1556 septies
612 1483 719 1554 viginti
737 1484 845 1542 marcis
873 1484 1094 1557 sterlingorum,
1110 1500 1166 1556 pro
1190 1501 1226 1539 eo
1244 1481 1323 1555 quod
1339 1482 1423 1538 nobis
1441 1481 1491 1538 sd·

436 1568 532 1633 haesit,
553 1573 583 1624 et
609 1575 708 1625 cestre
732 1587 786 1626 sua
813 1569 975 1625 senescallo
1001 1574 1102 1624 nostro
1119 1567 1284 1624 Wasconioe
1304 1565 1443 1622 liberarit
1459 1566 1491 1620 in

437 1671 546 1724 guerre
567 1657 668 1708 nostra
685 1657 788 1709 contrs
805 1652 965 1708 Gestonem
991 1653 1029 1708 de
1046 1652 1173 1723 Byernc,
1200 1669 1274 1722 ques
1299 1651 1328 1706 ei
1345 1651 1393 1707 vel
1411 1657 1492 1706 certo

437 1737 544 1792 nuncio
572 1754 625 1793 suo
652 1736 736 1792 reddi
763 1737 903 1793 faciemus
923 1737 961 1791 ad
985 1738 1125 1809 pascham
1151 1753 1235 1801 armo,
1255 1741 1323 1800 ete,
1343 1733 1492 1790 tricesimo

438 1821 535 1877 tertio.

473 1905 510 1959 In
535 1904 629 1976 cujus,
657 1913 712 1961 etc.
751 1905 838 1961 'I'cste
864 1923 936 1978 rege
961 1903 1041 1976 spud
1067 1902 1263 1974 Mcrlebergc,
1291 1901 1416 1973 septimo
1443 1899 1491 1954 dic

439 1987 631 2059 Septembris.

910 2111 968 2170 No.
984 2115 1012 2170 5.

722 2239 792 2300 (Rot.
805 2237 861 2288 Pet.
873 2243 907 2288 33
918 2239 986 2289 Heu.
1000 2238 1060 2297 111..
1072 2239 1161 2288 memb.
1174 2240 1210 2300 9.)

269 2371 331 2417 June
340 2377 372 2424 15,
472 2351 534 2408 Rex
552 2353 697 2418 omnibus,
716 2359 782 2416 etc,
802 2353 937 2409 salutem.

268 2427 326 2468 ¹²⁴⁹·
473 2437 580 2492 Sciatis
598 2437 676 2508 quod
694 2438 891 2493 concessimus
910 2437 1018 2492 dilecto
1043 2443 1073 2492 et
1098 2435 1178 2492 fideli
1202 2445 1301 2494 nostro
1320 2435 1433 2490 Simoni
1457 2433 1494 2487 de

268 2491 378 2585 fflioi‘
436 2521 536 2576 Monte
549 2521 632 2576 Forti
651 2526 682 2577 ct
692 2521 824 2577 chrico
835 2521 897 2577 filio
916 2539 970 2577 suo
987 2529 1056 2592 post
1072 2539 1150 2586 erim,
1165 2520 1243 2592 quod
1261 2537 1329 2574 cum
1346 2517 1384 2573 de
1396 2524 1494 2574 cetero

269 2593 397 2686 {iffi'
436 2611 546 2662 excaeta
563 2605 662 2677 aliqua
679 2605 716 2660 de
734 2605 822 2661 terris
841 2605 1079 2662 Normannorum
1096 2605 1257 2661 acciderint
1275 2599 1311 2659 de
1335 2603 1420 2658 feodo
1440 2619 1494 2656 suo

270 2693 316 2737 stef·
436 2689 468 2744 in
485 2687 604 2761 Anglis,
625 2707 698 2762 ques
716 2707 768 2746 uos
786 2696 817 2746 et
833 2695 1033 2746 antecessores
1044 2690 1137 2746 nostri
1154 2689 1186 2744 in
1203 2706 1292 2743 manu
1309 2692 1410 2742 nostro
1426 2685 1496 2740 reti·

438 2789 506 2828 nere
524 2773 572 2828 vel
591 2772 660 2828 dare
679 2775 893 2840 consuevimus,
907 2775 970 2845 ipsc
988 2774 1036 2830 vel
1054 2775 1150 2829 dictus
1168 2772 1317 2827 chricus
1334 2771 1413 2826 filius
1430 2769 1496 2841 ojus

438 2863 505 2929 post
522 2875 590 2913 eum
608 2857 732 2915 liberem
750 2858 817 2914 inde
835 2858 943 2915 habaet
960 2858 1254 2923 administrationem,
1267 2855 1413 2913 renuendi
1430 2873 1495 2911 eam

439 2942 470 2997 in
496 2960 584 2998 menn
610 2961 671 3009 sus,
692 2943 740 2999 rel
766 2944 988 3014 provoluntate
1016 2962 1070 2999 sus
1095 2941 1272 3007 conferendi,
1301 2942 1392 2997 donoc
1418 2946 1498 2996 terra

439 3034 539 3082 nostre
563 3026 679 3098 Anglier
705 3034 735 3082 ot
766 3034 845 3083 terre
874 3028 1063 3084 Normanniae
1092 3044 1261 3084 communes
1291 3025 1410 3081 suerint.
1459 3024 1496 3079 In

439 3110 533 3181 cujus,
554 3119 609 3165 etc.
647 3111 734 3166 Teste
752 3128 799 3165 mo
818 3111 882 3183 ipso
900 3112 979 3184 apud
996 3112 1165 3176 Wodcstok,
1186 3110 1299 3165 decimo
1326 3110 1427 3181 quinto
1448 3107 1497 3163 die

439 3196 458 3250 ,J
461 3194 531 3261 unii,
552 3212 626 3249 o-nno
644 3192 729 3265 regni
747 3196 841 3252 nostri
861 3235 868 3250 .
888 3236 895 3251 .
916 3236 923 3251 .

916 3366 975 3429 No.
989 3372 1018 3429 6.

720 3494 792 3557 (sos
804 3494 860 3545 Pat.
873 3500 905 3545 33
918 3495 985 3545 Heu.
997 3494 1054 3555 111,
1066 3496 1158 3545 memb.
1170 3497 1207 3558 t.)

472 3595 534 3651 Res
553 3596 790 3669 archiepiscopis,
812 3603 879 3663 etc,
894 3604 924 3654 et
941 3597 1076 3653 omnibus
1093 3598 1213 3653 ballivis
1231 3603 1262 3653 ct
1278 3596 1414 3651 fidelibus
1433 3594 1495 3651 suis

438 3679 599 3737 Wasconioe
618 3688 648 3737 ct
665 3681 769 3737 insulse
788 3681 932 3746 Oleronis,
952 3682 1087 3737 salutem.
1465 3702 1473 3709 ·

473 3763 581 3821 Sciatis
599 3782 651 3820 nos
670 3767 860 3833 concessisse,
881 3766 1008 3831 dedisse,
1028 3772 1059 3821 et
1076 3784 1130 3837 per
1147 3772 1258 3821 certem
1283 3773 1413 3821 nostram
1431 3782 1498 3819 con-

437 3848 569 3906 firmasse
587 3849 695 3906 dilecto
713 3850 796 3906 uobis
815 3850 961 3906 Eduardo
985 3850 1183 3922 primogenito
1210 3850 1271 3905 filio
1288 3856 1388 3906 nostro
1404 3855 1497 3906 totam

437 3938 547 3989 terram
570 3939 701 3990 nostram
719 3934 882 3991 Wasconiae
908 3943 939 3990 et
964 3935 1091 3990 insulam
1114 3934 1257 4000 Oleronis,
1277 3952 1345 3989 cnm
1363 3933 1497 3988 omnibus

437 4018 622 4089 pertinentiis
641 4036 742 4073 corum
761 4018 824 4073 sinc
843 4018 904 4075 ullo
921 4024 1130 4083 retenemcnto‚
1144 4018 1291 4074 habendas
1310 4026 1341 4073 et
1357 4016 1498 4073 tenendas

437 4102 495 4157 sibi
513 4108 543 4158 ct
560 4102 718 4158 heredibus
738 4103 800 4158 suis
819 4102 855 4157 de
881 4119 1003 4174 corpore
1031 4120 1085 4158 sno
1109 4102 1306 4174 procreandis,
1325 4101 1400 4156 bene
1419 4102 1497 4157 etin

437 4204 517 4257 psce,
546 4186 639 4242 libere
666 4192 697 4242 et
723 4187 832 4258 quiete,
865 4204 934 4242 oum
964 4187 1098 4242 omnibus
1124 4187 1310 4243 libertatibus
1337 4192 1367 4241 et
1395 4184 1497 4239 liberis

437 4270 697 4327 consuetudinibus
716 4270 754 4325 ad
781 4270 899 4326 oesdem
926 4276 1021 4327 terres
1050 4270 1257 4343 spectantibus,
1278 4271 1357 4325 sicut
1380 4286 1433 4324 nos
1451 4267 1499 4322 vel

437 4354 666 4425 predecessores
685 4356 777 4410 nostri
797 4373 846 4411 eas
864 4368 996 4427 unquam
1013 4354 1136 4410 liberius
1155 4361 1185 4411 et
1203 4354 1331 4426 quietius
1349 4353 1498 4409 tenuimus

437 4439 485 4497 vel
514 4444 614 4495 tenere
642 4438 806 4494 debuimus.
845 4440 885 4495 Et
911 4440 978 4494 ideo
995 4438 1079 4495 vobis
1106 4438 1278 4495 mandamus
1306 4436 1385 4510 quod
1402 4437 1498 4493 cidem

437 4523 582 4579 ltdwsrdo
606 4530 744 4595 tauquam
773 4523 889 4579 domino
915 4530 1014 4579 vostro
1044 4523 1118 4595 ligio
1143 4524 1174 4579 in
1199 4523 1333 4579 omnibus
1364 4540 1430 4592 ane
1460 4519 1499 4574 ad

436 4608 591 4679 proedictas
615 4614 710 4664 terras
729 4606 891 4663 Wascouioo
918 4614 949 4663 ct
966 4606 1063 4664 insula
1081 4608 1215 4664 Oleronis
1240 4608 1387 4678 pertinent
1404 4605 1498 4659 inten-

437 4692 538 4749 dentes
564 4693 630 4749 sitrs
656 4698 686 4748 ct
709 4692 928 4763 respondentes.
967 4693 1004 4748 In
1030 4692 1125 4764 cnjus,
1153 4700 1208 4748 etc.
1246 4692 1333 4747 Teste
1357 4696 1499 4761 utsupra

439 4774 522 4847 [rege
540 4775 618 4846 apud
636 4774 879 4844 Windelesorsm,
900 4782 1005 4849 quarto
1023 4776 1071 4831 die
1090 4771 1249 4846 Octobris]⁸
