3609 5800
472 854 539 918 338
626 865 739 914 norst
758 855 833 912 'sun
857 865 971 913 ornus
993 862 1198 912 numeroso
1220 863 1367 912 immune
1394 825 1406 838 ⁸

872 1203 1127 1276 DCLXXVIII.

620 1359 748 1424 ΗΜ
773 1357 835 1424 ΙΙΙ.
859 1375 900 1424 ro
922 1375 993 1424 run
1015 1357 1172 1425 smmrr
1194 1373 1238 1423 or
1260 1357 1372 1422 Youu

816 1493 1171 1562 (enumeremus.)

308 1631 372 1697 July
385 1636 425 1692 ro,
520 1611 693 1694 Henricus,
716 1614 912 1702 Deilgrstis
933 1637 994 1681 rex
1008 1615 1149 1702 ungriae,
1173 1615 1325 1681 dominus
1347 1613 1522 1682 Hibernis

311 1703 382 1750 ¹²⁷⁰·
475 1722 510 1785 et
532 1717 601 1782 dux
625 1717 849 1804 Aquitsnniae,
872 1716 1059 1784 vicecomiti
1081 1717 1288 1798 Eborscensi,
1312 1717 1461 1784 sulutem

310 1830 464 1882 &ndum
520 1819 605 1887 Cum
627 1819 811 1886 carissimus
834 1819 924 1884 filius
946 1817 1131 1884 Edwardus
1152 1819 1391 1906 primogenitus
1410 1823 1522 1884 noster

310 1897 414 1962 T⁰¹¹¹P¹⁰
475 1923 540 1988 iter
562 1944 657 1988 suum
680 1923 741 1988 sub
765 1922 856 1989 omni
877 1922 1088 1988 festinatione
1113 1927 1308 2010 arrepturum
1336 1922 1382 1988 sit
1407 1941 1523 1988 versus

309 1964 426 2095 diffidi
476 2025 610 2090 Terram
648 2023 805 2094 Sanctum
843 2025 881 2092 in
917 2023 1100 2091 subsidium
1134 2024 1288 2110 ejusdem,
1326 2024 1414 2110 quod
1450 2023 1522 2090 sine

309 2097 455 2213 ppetpponey
475 2126 622 2192 maximo
644 2128 789 2216 pecuniae
811 2149 939 2194 summu
959 2127 1172 2216 proveniente
1187 2127 1228 2195 de
1250 2127 1404 2192 vicesimo
1425 2125 1522 2192 nobis

308 2230 438 2346 nespas
475 2230 512 2294 in
540 2251 642 2318 regno
671 2237 784 2298 nostro
813 2249 963 2296 concesse
988 2233 1022 2294 et
1039 2230 1111 2318 Jem
1132 2229 1267 2294 collecto
1292 2235 1327 2296 et
1348 2250 1408 2318 pro
1429 2233 1524 2316 purte

310 2310 438 2414 {31⁸}AE
476 2328 658 2420 colligenda
688 2331 792 2398 fecere
822 2351 890 2399 non
919 2336 1047 2420 potest,
1072 2353 1132 2398 nee
1160 2332 1227 2398 iter
1259 2329 1343 2398 illud
1372 2331 1521 2410 ulterius,

475 2440 574 2524 prout
603 2455 662 2500 nec
694 2433 793 2510 decet,
831 2434 955 2522 poterit
985 2455 1181 2520 prorogare:
1219 2433 1285 2500 tibi
1317 2433 1524 2522 praecipimus

475 2537 615 2603 firmiter
640 2535 850 2624 injungentes
872 2537 961 2626 quod
982 2541 1090 2604 totum
1111 2536 1284 2626 pecuniam
1305 2537 1347 2603 de
1368 2537 1524 2605 vicesimo.

476 2640 634 2728 praedicto
674 2639 710 2704 in
756 2637 881 2706 bellive
930 2643 991 2704 tue
1034 2638 1203 2705 collectam
1247 2640 1317 2706 sine
1361 2638 1524 2706 diletione

477 2738 626 2828 quelibet
660 2743 772 2808 venire
806 2741 904 2808 facias
935 2741 975 2806 de
1005 2741 1057 2806 die
1080 2745 1114 2806 et
1142 2746 1238 2811 noete
1258 2763 1364 2830 usque
1385 2741 1522 2808 Novum

476 2843 648 2932 Templum
683 2841 870 2923 dordonis,
910 2842 971 2910 sub
1003 2844 1095 2911 selvo
1127 2850 1161 2913 et
1197 2866 1310 2911 securo
1347 2844 1521 2925 conductu,

476 2952 576 3033 prout
608 2945 724 3011 melius
755 2945 877 3011 videris
912 2947 1074 3035 expedire.
1119 2948 1165 3014 Et
1198 2949 1267 3025 hoc,
1290 2949 1376 3014 sicut
1406 2969 1524 3034 corpus

478 3051 575 3113 tuum
598 3047 631 3112 et
654 3046 765 3112 omnis
786 3068 860 3135 quse
890 3048 927 3113 in
955 3071 1056 3137 regno
1085 3055 1196 3117 nostro
1218 3055 1310 3115 tenes
1340 3050 1458 3137 diligis,
1489 3055 1525 3115 st

478 3148 743 3235 indignationem
789 3154 937 3214 nostrum
980 3156 1172 3239 perpetuum
1217 3152 1325 3217 vitare
1368 3152 1521 3233 volueris,

479 3246 668 3317 nullatenus
690 3249 843 3333 omittss3
874 3252 923 3319 ite
944 3253 1034 3341 quod
1055 3258 1123 3318 tuse
1146 3253 1303 3340 imputari
1324 3275 1393 3320 non
1421 3254 1526 3342 possit

480 3357 540 3417 eut
570 3350 689 3419 debeat
721 3354 933 3443 negligentiae
964 3354 1005 3419 si'
1025 3354 1133 3420 dictus
1163 3355 1251 3420 filius
1273 3360 1385 3420 noster
1414 3356 1452 3421 in
1473 3378 1525 3421 ur-

480 3453 627 3541 reptione
648 3454 776 3520 itineris
791 3456 842 3521 sui
863 3456 1014 3542 praedicti
1036 3456 1183 3542 pecunie,
1198 3457 1286 3543 quod
1300 3457 1397 3538 absit,
1411 3464 1524 3525 cuent

480 3554 675 3643 supradicte
730 3557 777 3624 Et
809 3564 940 3623 oustnm
970 3557 1058 3645 quod
1094 3560 1137 3624 ud
1169 3559 1229 3625 hoc
1259 3560 1414 3647 posueris,
1449 3582 1527 3627 cum

481 3657 565 3722 illud
598 3658 795 3739 sciverimus,
825 3660 889 3725 tibi
922 3660 1055 3727 sllocuri
1083 3660 1246 3728 faciemus
1293 3652 1528 3729 Mundevimus

482 3760 570 3825 enim
600 3761 809 3827 taxatoribus
842 3767 877 3827 et
908 3762 1133 3829 collectoribus
1163 3764 1326 3833 vicesimus
1359 3766 1527 3851 predicte

482 3860 571 3951 quod
592 3865 698 3927 totum
719 3860 911 3951 predictam
933 3866 1104 3950 pecuniam
1126 3866 1293 3933 collectam
1307 3867 1373 3933 tibi
1386 3868 1528 3934 liberent

483 3964 544 4031 sub
590 3962 708 4052 sigillis
749 3966 817 4035 suis
848 3967 1036 4033 cenandum
1068 3968 1282 4049 Londonium,
1320 3970 1407 4037 sicut
1443 3993 1528 4059 prue-

483 4066 609 4131 dictum
631 4074 688 4133 est.

528 4168 624 4235 Teste
654 4192 707 4235 me
740 4170 811 4257 ipso
842 4173 930 4259 apud
952 4172 1288 4255 westmonasterium,
1311 4174 1436 4241 decimo
1471 4175 1534 4241 die·

483 4270 577 4351 Julii,
600 4294 687 4338 enno
708 4274 801 4360 regni
824 4275 930 4340 nostri
952 4276 1222 4363 quinquagesimo
1245 4282 1370 4363 quarto.

909 4630 916 4633 -
958 4630 1217 4639 Ἥ
