3609 5800
413 885 661 942 nnusrusrrvn
683 887 728 940 or
749 887 821 939 rsus
842 887 951 940 emor
973 888 1018 938 or
1039 889 1163 940 num
1184 889 1237 941 ur
1283 879 1351 942 ³13

301 1069 519 1130 onteoeesorss
548 1067 679 1128 nostros
715 1062 757 1129 ds
789 1061 866 1148 jure
903 1062 1126 1150 pertinentem
1162 1062 1351 1130 invenimus

301 1165 348 1230 Et
390 1165 469 1231 lieet
513 1185 634 1251 msgnu
677 1185 805 1230 summe
849 1165 996 1251 pecuniae
1033 1164 1167 1231 domino
1203 1165 1274 1252 regi
1317 1169 1354 1230 et

301 1266 443 1332 domines
477 1266 599 1354 reginae
630 1271 665 1332 et
698 1265 832 1331 domino
855 1267 1020 1331 Eduardo
1052 1289 1074 1331 a
1103 1265 1200 1332 nobis
1233 1266 1356 1354 pluries

300 1367 416 1434 fuisset
439 1368 558 1446 oblate,
581 1389 656 1434 oum
688 1372 832 1453 quotuor
863 1368 1027 1433 oentredis
1057 1366 1099 1434 ds
1121 1367 1355 1454 Perwetgleut,

301 1471 351 1536 ite
384 1471 472 1556 quod
510 1469 662 1535 dominus
698 1491 759 1534 rex
796 1491 856 1535 nos
889 1474 1120 1536 manuteneret
1152 1470 1189 1534 in
1225 1469 1357 1536 residuo

300 1573 404 1637 totius
438 1569 640 1648 Norwelliae,
674 1569 759 1636 siout
796 1571 833 1635 in
866 1570 973 1636 literis
1003 1571 1233 1636 eonventionis
1267 1569 1358 1636 inter

302 1671 472 1738 dominum
509 1693 619 1758 rogem
651 1675 685 1738 et
724 1693 783 1738 nos
821 1673 1022 1751 eontinetur‚
1058 1677 1206 1738 nostram
1242 1677 1357 1738 tomen

302 1773 539 1862 obligationem
570 1773 714 1861 resipere
747 1773 936 1840 noluerunt.
994 1773 1066 1839 Nee
1101 1773 1215 1840 nuntii
1250 1773 1357 1839 nostri

302 1875 345 1941 sd
367 1875 491 1942 curium
513 1873 641 1940 domini
673 1875 759 1961 regis
790 1875 910 1941 ultimo
944 1875 1113 1953 destinati,
1137 1897 1236 1962 super
1268 1875 1359 1942 obla-

301 1977 393 2045 tione
426 1981 542 2042 nostre
573 1977 819 2062 responsionem
854 1981 1017 2064 petentes,
1054 1977 1200 2063 aliquam
1236 1977 1359 2042 habere

301 2079 490 2166 potuerunt,
514 2076 591 2144 licet
613 2077 737 2144 ibidem
761 2078 818 2144 diu
842 2082 1091 2166 exspect-ereum
1113 2083 1248 2166 propter
1269 2078 1358 2166 quod

303 2181 437 2246 omnino
458 2180 582 2245 fuimus
605 2180 778 2267 desperati.

346 2283 392 2348 Et
428 2281 540 2348 scietis
577 2281 666 2367 quod
702 2283 732 2347 si
763 2282 866 2368 juxta
903 2283 1077 2348 eonsilium
1114 2287 1273 2364 vestrum,
1317 2288 1358 2348 ut

302 2383 470 2463 oredimus,
503 2383 637 2448 domino
674 2383 841 2450 Eduardo
878 2383 1039 2471 predicta
1075 2390 1166 2450 terro
1202 2407 1224 2448 s
1260 2383 1357 2450 nobis

302 2487 541 2565 restitueretur,
565 2485 850 2571 perturbationem
873 2490 909 2551 et
942 2485 1188 2550 eontentionem
1209 2490 1244 2550 et
1265 2507 1356 2572 meg-

303 2608 381 2652 num
413 2586 610 2652 disoordism
642 2587 732 2651 inter
763 2585 936 2653 dominum
969 2607 1080 2672 regem
1113 2592 1150 2652 et
1175 2607 1246 2667 nos,
1268 2586 1358 2672 quod

303 2688 400 2768 obsit,
431 2690 468 2752 in
500 2687 596 2754 brevi
629 2688 773 2754 suboriri
804 2687 1054 2768 credebamus3¹
1082 2693 1118 2753 et
1139 2687 1201 2754 hoc
1223 2693 1358 2775 propter

303 2788 441 2876 injurius
463 2792 499 2855 et
519 2790 750 2878 pavemus
773 2790 907 2856 domino
923 2789 1092 2856 Edwsrdo
1114 2794 1150 2856 st
1171 2789 1240 2856 suis
1261 2790 1358 2856 nobis

304 2897 339 2958 et
375 2891 499 2959 nostris
535 2890 715 2973 inferenda,
759 2891 846 2958 siout
889 2892 981 2981 prius
1023 2891 1179 2961 feoerunt
1240 2891 1359 2961 Adhue

304 2994 412 3081 putati
434 3016 546 3060 sumus
569 2998 604 3060 et
626 2994 756 3076 erimus,
771 2994 952 3061 seeundum
972 2994 1068 3060 fidele
1089 3000 1358 3082 ponendorum,

304 3097 348 3161 sd
382 3096 585 3163 offerendum
619 3096 752 3163 domino
788 3096 859 3183 regi
893 3100 929 3161 et
959 3096 1094 3161 domino
1126 3096 1291 3162 Eduardo
1323 3102 1359 3162 et

304 3198 447 3265 dominae
491 3198 616 3285 reginae
659 3202 695 3263 et
732 3198 828 3264 vobis
865 3220 1028 3263 summam
1065 3199 1221 3287 pecunioe,
1258 3203 1359 3286 prout

304 3300 455 3365 videritis
476 3298 640 3385 expedire,
662 3320 737 3365 oum
770 3320 838 3365 uno
869 3298 1021 3365 oomotho
1051 3299 1088 3364 in
1121 3321 1186 3386 quo
1219 3305 1272 3367 est
1292 3322 1359 3366 ous-

304 3406 395 3466 trum
432 3400 474 3466 de
508 3401 678 3481 Guunuoo,
717 3400 775 3487 qui
819 3405 961 3466 vooetur
997 3400 1168 3480 Creuehin,
1213 3407 1249 3468 et
1292 3402 1358 3469 elio

304 3502 455 3569 oomotho
486 3502 523 3567 in
554 3524 620 3589 quo
654 3506 705 3568 est
738 3506 885 3569 oestrum
908 3504 950 3567 de
972 3502 1116 3582 Disserd‚
1139 3503 1198 3589 qui
1219 3507 1359 3569 vocatur

305 3604 523 3683 Prestoelune
539 3624 599 3691 pro
620 3608 780 3691 perpetue
801 3624 881 3691 psoe
896 3603 1048 3669 habendo
1069 3603 1165 3671 nobis
1180 3609 1215 3671 et
1235 3606 1359 3671 nostris

304 3711 338 3771 et
361 3706 514 3773 omnibus
536 3706 593 3792 qui
615 3711 695 3771 sunt
724 3705 896 3772 nobiseum
919 3705 1066 3791 ejusdem
1087 3708 1177 3794 poois
1207 3715 1242 3775 et
1270 3707 1358 3773 belli

305 3808 342 3874 Si
375 3814 488 3875 autem
530 3830 588 3895 per
624 3808 836 3873 nobilitatem
874 3811 1020 3873 vestram
1057 3816 1092 3874 et
1129 3810 1358 3876 exoellentinm

305 3912 476 3977 dominum
497 3932 607 3997 regem
631 3915 665 3977 et
688 3911 858 3975 dominum
874 3910 1078 3976 Edwardum
1099 3910 1143 3977 sd
1165 3918 1357 3998 perpetuom

303 4034 417 4099 pacem
446 4012 632 4079 habendam
661 4013 816 4079 inducere
845 4034 914 4078 non
943 4012 1104 4100 poteritis,
1135 4036 1196 4101 pro
1232 4013 1358 4100 treugis

304 4136 407 4201 usque
428 4115 472 4179 ed
493 4120 619 4203 septem
640 4136 744 4181 annos
766 4114 929 4181 habendis
958 4136 1020 4202 pro
1050 4114 1146 4181 nobis
1168 4121 1204 4181 et
1224 4116 1357 4193 nostris,

304 4217 391 4283 siout
412 4218 609 4305 praedietum
632 4222 692 4299 est,
708 4217 798 4283 mille
820 4239 946 4283 meroes
966 4238 1042 4283 oum
1063 4216 1201 4282 dimidio
1223 4218 1356 4286 domino

303 4318 373 4405 regi
388 4323 424 4384 et
442 4318 577 4385 domino
591 4318 759 4385 Edwordo
774 4319 812 4383 in
827 4316 980 4385 terminis
993 4318 1177 4385 statuendis
1192 4318 1357 4385 solvendis

304 4422 419 4487 offerre
440 4420 559 4487 velitis.

678 4727 685 4757 ¹
704 4724 872 4794 credebamus]
892 4728 927 4779 So
938 4726 995 4779 MS.
