3609 5800
450 898 491 959 86
597 908 709 958 novel.
731 908 804 957 AND
827 909 943 957 OTHER
968 907 1170 958 HISTORICAL
1193 908 1340 957 Lfflues

449 1084 630 1151 Wasconiae
661 1090 696 1151 et
732 1084 841 1151 insula
877 1084 1036 1171 praedicta
1073 1082 1230 1150 Oloronis.
1287 1082 1344 1146 Ita
1381 1085 1494 1145 tamen

446 1188 535 1272 quod
557 1187 769 1253 restituemus
799 1188 990 1274 praedictam
1025 1190 1147 1252 terrem
1182 1208 1257 1251 cum
1278 1180 1490 1271 pertinentiis

447 1290 604 1375 predicto
620 1290 799 1357 Eduuardo
814 1291 868 1357 vel
890 1290 948 1355 alii
969 1289 1127 1355 heredum
1148 1288 1253 1377 ipsius
1267 1285 1394 1352 domini
1408 1284 1494 1371 regis

447 1394 505 1477 qui
527 1392 681 1458 seisinam
695 1394 861 1481 praedictae
876 1398 975 1459 tenne
989 1391 1172 1459 Weseonice
1186 1390 1348 1469 habuerit,
1369 1388 1399 1453 si
1422 1408 1494 1452 eam

447 1493 567 1561 habere
599 1497 775 1578 voluerint,
808 1498 878 1563 sine
919 1496 1155 1585 impedimento
1189 1499 1224 1559 61
1255 1492 1421 1558 occasione
1459 1495 1495 1555 et

446 1600 713 1668 contradictione.
758 1600 801 1665 In
823 1602 924 1689 cujus,
947 1605 1010 1667 etc.
1056 1600 1144 1665 Acta
1166 1596 1256 1685 apud
1271 1595 1494 1661 Weetmonaa

445 1700 576 1782 terium,
599 1703 754 1771 vicesimo
777 1710 894 1771 octavo
917 1704 971 1770 die
993 1702 1128 1791 Aprilis.

751 2020 1070 2029 ψει-*ῃ-
1078 2019 1126 2026 ..-

801 2240 1115 2309 COCOLXXXIII.

609 2399 738 2464 Hunni
762 2399 828 2465 III.
851 2418 894 2465 ro
917 2402 1098 2466 Perseos
1122 2400 1326 2465 Bonnmux.

666 2550 736 2613 (Ilot.
749 2551 804 2601 Pet.
816 2556 849 2601 ³6
862 2552 929 2603 Heu.
941 2552 1000 2615 111,
1011 2554 1103 2603 memb.
1117 2556 1130 2603 7
1142 2552 1170 2602 16
1181 2553 1276 2615 dorso.)

489 2678 562 2744 Rex
584 2680 682 2745 Petro
706 2680 747 2745 de
770 2680 968 2767 Burdegslia
989 2682 1138 2748 salutem.

488 2782 538 2847 De
560 2782 654 2847 vobis
687 2781 845 2847 habentes
878 2782 1033 2849 fiduciam
1064 2784 1246 2872 specialem,
1278 2782 1490 2847 attendentes

444 2886 543 2950 etiem
567 2884 655 2970 quod
678 2884 826 2950 Amaldo
843 2884 1000 2950 Willelmi
1023 2890 1065 2950 (16
1081 2890 1168 2955 Acro
1191 2887 1307 2952 Monte
1329 2886 1491 2961 accinctis,

444 2986 571 3052 Simoni
586 2987 627 3051 (16
643 2986 757 3072 Monte
774 2987 866 3052 Forti
888 2987 1002 3052 comiti
1025 2985 1210 3057 Leicestriee
1225 2990 1338 3056 literas
1362 2994 1492 3054 nostros

276 3065 335 3164 ⁰011*
366 3067 392 3100 e
442 3089 631 3166 direximus
654 3089 744 3175 quod
768 3089 964 3176 praedictum
994 3087 1181 3161 Amsldum
1211 3094 1299 3183 apud
1330 3091 1491 3178 Regulam

442 3192 478 3257 in
507 3192 640 3278 prisona
680 3192 852 3258 detentum
882 3191 976 3259 vobis
1009 3197 1044 3258 61
1077 3189 1226 3257 Woltero
1257 3198 1297 3263 de
1328 3194 1492 3261 Arundell

441 3293 599 3360 servienti
619 3299 740 3375 nostro,
757 3315 853 3380 quem
869 3293 913 3359 ad
927 3317 986 3361 vos
1008 3316 1069 3382 pro
1092 3293 1205 3359 eodem
1228 3299 1362 3382 negotio
1384 3302 1491 3363 trans-

441 3395 616 3478 mittimus,
639 3395 764 3464 liberet.
812 3397 885 3478 Quo
919 3397 962 3464 ab
996 3399 1110 3464 eodem
1142 3397 1276 3484 prisona
1308 3401 1491 3467 deliberato

440 3499 608 3588 recipiatis
630 3501 671 3566 ab
699 3502 815 3567 'eodem
838 3501 987 3568 Arnaldo
1018 3508 1162 3569 castrum
1194 3500 1235 3567 de
1257 3500 1343 3566 Acro
1368 3505 1490 3584 Monte,

441 3606 476 3668 et
497 3603 619 3669 milites
641 3625 680 3669 ac
712 3603 794 3669 alios
825 3603 866 3670 de
898 3626 999 3692 regno
1023 3603 1173 3672 Franciae
1195 3603 1320 3670 ibidem
1342 3602 1492 3690 impriso-

441 3709 535 3770 natos
570 3705 743 3771 deliberari
774 3707 912 3786 faciatis,
934 3713 969 3774 et
1001 3708 1089 3773 idem
1123 3711 1267 3772 caetmm
1298 3705 1492 3776 custodiatis

441 3808 573 3873 nomine
596 3814 710 3874 nostro
737 3829 839 3894 usque
869 3809 912 3873 ed
938 3809 1205 3876 Purificetionem
1232 3809 1268 3875 B.
1297 3808 1423 3886 Mariae,
1457 3823 1491 3878 et

441 3931 500 3975 nos
537 3910 578 3988 de
616 3911 707 3977 omni
741 3917 841 3990 custo,
880 3911 980 3991 misia,
1019 3919 1053 3978 61
1083 3913 1236 4000 expensis
1266 3911 1423 3977 faciendis
1453 3917 1491 3981 in

441 4014 591 4079 custodie
618 4013 763 4100 ejusdem
790 4015 887 4080 centri
912 4015 1006 4081 vobis
1033 4015 1276 4082 satisfaciemus.
1323 4015 1365 4080 In
1389 4015 1490 4100 cujm

441 4121 500 4182 etc.
560 4117 656 4184 Teste
694 4139 770 4206 rege
809 4117 898 4206 apud
931 4117 1278 4198 Westmonaeterium,
1321 4123 1417 4184 sexto
1439 4117 1493 4186 die

440 4219 463 4286 (1
465 4218 544 4284 unii.
