3609 5800
418 895 670 948 lanusresrn's
692 899 736 946 OF
758 899 830 946 THE
852 896 960 948 smus
985 899 1028 946 OF
1053 899 1172 946 unser
1199 897 1247 945 111.
1296 881 1359 946 139

306 1071 465 1154 providus
501 1075 537 1136 et
580 1071 843 1158 circumspectus,
882 1070 972 1158 pacis
1017 1093 1055 1136 nc
1092 1067 1273 1135 concordie
1312 1087 1363 1132 ze·

305 1173 400 1252 lator,
422 1197 498 1240 cnm
530 1177 639 1240 multa
669 1175 878 1260 benignitate
913 1179 947 1240 et
978 1171 1230 1238 mansuetudine
1253 1191 1363 1257 preces

307 1282 342 1341 et
379 1282 544 1365 praecepta
581 1283 692 1344 vestra
729 1299 838 1342 coram
875 1277 971 1342 nobis
1009 1281 1044 1340 et
1087 1275 1233 1362 praelatis
1270 1272 1364 1360 regni

308 1379 423 1457 nostri,
448 1380 506 1466 qui
527 1385 609 1446 tunc
631 1379 803 1446 nobiscum
827 1378 977 1458 aderant,
1000 1401 1038 1444 sc
1060 1378 1126 1443 alin
1148 1376 1365 1444 universitate

309 1481 479 1561 comitum,
502 1481 673 1560 baronum,
698 1505 736 1548 ac
758 1504 930 1568 procerum
953 1481 1047 1568 regni
1070 1480 1177 1546 nostri
1208 1479 1305 1566 plene
1328 1501 1366 1544 uc

308 1583 486 1671 diligenter
518 1585 681 1672 exposuit,
704 1591 743 1650 ut
777 1585 922 1664 decebat,
946 1605 1203 1650 commemorans
1233 1588 1267 1646 et
1290 1603 1365 1668 ape-

308 1686 398 1752 riens
421 1709 530 1752 coram
561 1686 658 1752 nobie
680 1686 839 1752 beneficia
862 1687 1019 1752 Rornanae
1051 1685 1192 1752 ecclesiae
1215 1684 1367 1750 innume-

308 1789 427 1854 rabilia
449 1789 492 1855 ab
514 1789 663 1876 antiquie
685 1788 889 1876 temporibus
920 1788 1015 1855 nobis
1047 1793 1082 1854 et
1103 1787 1366 1874 progenitoribus

310 1892 432 1958 nostris
446 1893 603 1980 impensa,
619 1914 657 1958 ac
671 1892 927 1979 praerogativam
950 1893 1065 1958 multae
1088 1891 1214 1978 gratim,
1237 1889 1365 1967 amoris,

311 1999 345 2060 et
367 1994 490 2061 favoris
514 1996 634 2081 quibus
656 2017 717 2060 nos
750 2000 785 2060 et
818 2016 956 2080 regumn
980 2001 1130 2060 nostrum
1154 1994 1254 2060 etiarn
1278 2015 1366 2058 nunc

310 2097 558 2184 prosequimini,
573 2098 662 2163 inter
684 2097 767 2162 elios
790 2119 883 2185 reges
906 2103 942 2164 et
964 2098 1126 2184 principes
1149 2097 1238 2162 orbis
1261 2103 1366 2162 terrm.

310 2199 438 2266 Deinde
475 2201 562 2266 idern
607 2202 710 2266 freter
748 2199 906 2266 Velascus
951 2199 1065 2264 inultis
1102 2199 1367 2286 persuasionibus

309 2301 473 2368 instantis
507 2309 541 2370 et
572 2302 796 2370 sollicitudine
830 2309 977 2368 astruere
1010 2307 1045 2368 et
1074 2302 1227 2368 inducere
1251 2301 1367 2368 diebus

309 2405 458 2492 pluribus
480 2405 651 2472 nitebatur
672 2429 742 2487 nos,
766 2406 939 2472 consilium
963 2409 1122 2483 nostrum,
1146 2427 1184 2470 sc
1206 2403 1367 2470 universi-

310 2513 415 2575 tatem
461 2508 662 2596 predictam,
708 2515 748 2574 ut
792 2508 936 2574 eundem
982 2507 1185 2572 Ademsrum
1230 2507 1366 2572 fratrem

309 2615 460 2676 nostrum
503 2611 546 2678 ad
590 2611 815 2698 episcopatum
849 2609 1114 2678 wintoniensem
1147 2610 1242 2696 plene
1273 2609 1367 2676 resti-

310 2713 362 2779 tui
406 2719 617 2802 pateremur3
654 2713 802 2798 alioquin
846 2711 885 2778 in
929 2713 1039 2800 gratia
1087 2717 1122 2778 et
1159 2711 1271 2779 favore
1309 2733 1367 2778 sen

310 2837 420 2885 amore
441 2817 545 2884 vestri
579 2823 614 2882 et
645 2817 787 2882 ccclesiae
810 2815 968 2884 Romanae
1001 2816 1208 2905 dispendium
1240 2821 1367 2903 putere-

310 2942 392 2999 mur,
416 2943 454 2985 eo
489 2920 579 3006 qnod
611 2920 640 2985 si
675 2919 842 2985 mandatis
863 2920 985 2987 vestris
1019 2921 1054 2985 in
1085 2919 1146 2985 hac
1180 2925 1276 3007 parte
1299 2942 1367 2984 non

311 3024 617 3110 obtemperaremus,
632 3028 748 3089 contra
768 3045 829 3089 nos
852 3027 887 3089 et
910 3044 1049 3109 regnum
1064 3028 1215 3089 nostrum
1238 3046 1367 3109 cogere·

311 3125 393 3190 mini
431 3127 610 3213 provocari,
648 3148 723 3191 cum
760 3126 803 3192 ad
839 3126 1043 3191 reddendam
1083 3125 1251 3211 justitiam
1294 3126 1367 3192 sitis

311 3229 474 3295 universis
496 3233 532 3295 et
553 3228 692 3315 singulis
715 3228 890 3295 debitores

355 3330 478 3397 Verum
516 3330 595 3397 licet
627 3332 816 3399 reverendas
854 3330 1067 3417 paternitatis
1100 3337 1219 3399 vestrm
1253 3354 1366 3419 parere

311 3433 526 3519 beneplacitis
550 3434 630 3499 totis
653 3434 822 3499 desideriis
852 3434 1050 3512 affectemus,
1074 3434 1171 3499 etde
1194 3440 1247 3499 tot
1269 3434 1367 3499 bene-

311 3535 394 3601 ficiis
424 3559 445 3601 n
471 3536 698 3603 munificentie
734 3541 848 3603 vestra
886 3536 982 3602 uobis
1016 3542 1050 3602 et
1089 3537 1210 3603 nostris
1242 3537 1366 3603 totiens

311 3638 438 3705 collatis
460 3639 634 3726 regratiari
656 3638 935 3726 quemplruimum
950 3642 1131 3721 teneamur,
1148 3646 1260 3705 tamen
1275 3662 1367 3705 man-

313 3743 429 3807 datnm
450 3742 649 3829 hujusmodi,
665 3742 752 3828 quod
776 3765 844 3809 non
874 3739 979 3807 solum
1014 3764 1186 3829 personum
1220 3748 1367 3809 nostram

312 3866 426 3911 verum
448 3846 550 3911 etism
573 3846 825 3913 universitatem
847 3845 942 3931 regni
976 3847 1082 3911 nostri
1104 3844 1278 3933 contingit,
1300 3868 1367 3911 non

311 3970 483 4036 possumus
497 3948 621 4035 absque
636 3948 730 4035 gravi
745 3947 932 4014 (incrimine
955 3954 989 4013 et
1011 3948 1222 4013 subversione
1240 3948 1367 4035 jurium

312 4059 346 4118 et
360 4052 635 4118 consuetudinum
653 4052 748 4139 regni
771 4052 926 4139 ejusdem,
950 4058 984 4117 ct
1007 4056 1123 4116 contre
1140 4051 1367 4137 juramentum

311 4154 479 4243 proprium
511 4153 698 4240 adimplere.
744 4154 789 4218 Et
821 4174 1020 4239 quemquem
1050 4155 1111 4219 hoc
1142 4154 1247 4219 facere
1269 4153 1368 4219 velle·

312 4280 393 4337 urus,
408 4256 568 4344 praediotn
583 4257 781 4322 universitas
803 4256 840 4319 in
862 4256 924 4321 hnc
946 4262 1047 4343 purte,
1071 4278 1145 4341 quae
1170 4257 1269 4321 unius
1291 4278 1366 4323 con-

311 4361 376 4425 silii
410 4366 445 4425 ct
478 4359 661 4425 voluntatis
692 4359 815 4437 existit,
839 4364 974 4447 propter
1006 4380 1123 4445 graves
1147 4364 1180 4423 et
1202 4358 1365 4425 notabiles

312 4484 461 4529 excessus
483 4460 642 4549 praedicto
676 4462 771 4527 fiatri
805 4466 918 4527 nostro
949 4459 1092 4548 objectos
1119 4462 1154 4527 id
1176 4461 1365 4528 nullatenus

313 4568 496 4633 sustineret.

356 4670 435 4738 Post
457 4670 528 4736 baec
550 4676 672 4752 autern,
689 4669 768 4757 quis
790 4668 964 4757 praedictus
986 4666 1088 4733 frater
1111 4668 1274 4753 Velamen,
1299 4670 1363 4737 nisi

310 4771 530 4840 incontinenti
553 4776 670 4840 fierent
691 4796 764 4859 quse
779 4773 937 4859 praedicto
959 4772 1055 4837 fratri
1070 4778 1182 4839 nostro
1197 4774 1363 4841 Ademaro
