<?xml version="1.0" encoding="UTF-8"?>
<!DOCTYPE html PUBLIC "-//W3C//DTD XHTML 1.0 Transitional//EN"
    "http://www.w3.org/TR/xhtml1/DTD/xhtml1-transitional.dtd">
<html xmlns="http://www.w3.org/1999/xhtml" xml:lang="en" lang="en">
 <head>
  <title>
</title>
<meta http-equiv="Content-Type" content="text/html;charset=utf-8" />
  <meta name='ocr-system' content='tesseract 3.04.00' />
  <meta name='ocr-capabilities' content='ocr_page ocr_carea ocr_par ocr_line ocrx_word'/>
</head>
<body>
  <div class='ocr_page' id='page_1' title='image "./royalandotherhi00shirgoog_0112.png"; bbox 0 0 3609 5800; ppageno 0'>
   <div class='ocr_carea' id='block_1_1' title="bbox 427 896 1364 965">
    <p class='ocr_par' dir='ltr' id='par_1_1' title="bbox 427 896 1364 965">
     <span class='ocr_line' id='line_1_1' title="bbox 427 896 1364 965; baseline -0.006 0"><span class='ocrx_word' id='word_1_1' title='bbox 427 912 677 965; x_wconf 74' lang='lat' dir='ltr'>massuramva</span> <span class='ocrx_word' id='word_1_2' title='bbox 700 913 745 963; x_wconf 80' lang='lat' dir='ltr'>os</span> <span class='ocrx_word' id='word_1_3' title='bbox 767 912 837 961; x_wconf 75' lang='lat' dir='ltr'>rau</span> <span class='ocrx_word' id='word_1_4' title='bbox 861 911 970 961; x_wconf 79' lang='lat' dir='ltr'>sumu</span> <span class='ocrx_word' id='word_1_5' title='bbox 992 909 1182 961; x_wconf 73' lang='lat' dir='ltr'>ornamur</span> <span class='ocrx_word' id='word_1_6' title='bbox 1204 911 1256 961; x_wconf 79' lang='lat' dir='ltr'>nr</span> <span class='ocrx_word' id='word_1_7' title='bbox 1324 896 1364 959; x_wconf 78' lang='lat'>41</span> 
     </span>
    </p>
   </div>
   <div class='ocr_carea' id='block_1_2' title="bbox 317 1098 1370 1397">
    <p class='ocr_par' dir='ltr' id='par_1_2' title="bbox 317 1098 1370 1397">
     <span class='ocr_line' id='line_1_2' title="bbox 362 1098 1367 1189; baseline -0.004 -20"><span class='ocrx_word' id='word_1_8' title='bbox 362 1104 486 1169; x_wconf 89' lang='lat' dir='ltr'>Datum</span> <span class='ocrx_word' id='word_1_9' title='bbox 510 1100 725 1189; x_wconf 82' lang='lat' dir='ltr'>Burdogaliae,</span> <span class='ocrx_word' id='word_1_10' title='bbox 753 1100 806 1165; x_wconf 84' lang='lat' dir='ltr'>dio</span> <span class='ocrx_word' id='word_1_11' title='bbox 838 1098 957 1165; x_wconf 77' lang='lat' dir='ltr'>Martis</span> <span class='ocrx_word' id='word_1_12' title='bbox 982 1105 1057 1186; x_wconf 89' lang='lat' dir='ltr'>post</span> <span class='ocrx_word' id='word_1_13' title='bbox 1081 1098 1306 1165; x_wconf 84' lang='lat' dir='ltr'>Nativitatem</span> <span class='ocrx_word' id='word_1_14' title='bbox 1331 1099 1367 1165; x_wconf 92' lang='lat' dir='ltr'>B.</span> 
     </span>
     <span class='ocr_line' id='line_1_3' title="bbox 318 1201 1370 1289; baseline -0.006 -17"><span class='ocrx_word' id='word_1_15' title='bbox 318 1207 442 1285; x_wconf 83' lang='lat' dir='ltr'>Marias,</span> <span class='ocrx_word' id='word_1_16' title='bbox 477 1226 566 1269; x_wconf 86' lang='lat' dir='ltr'>anno</span> <span class='ocrx_word' id='word_1_17' title='bbox 600 1204 736 1270; x_wconf 90' lang='lat' dir='ltr'>Domini</span> <span class='ocrx_word' id='word_1_18' title='bbox 767 1202 940 1268; x_wconf 82' lang='lat' dir='ltr'>millasimo</span> <span class='ocrx_word' id='word_1_19' title='bbox 972 1201 1197 1267; x_wconf 79' lang='lat' dir='ltr'>ducentesimo</span> <span class='ocrx_word' id='word_1_20' title='bbox 1229 1201 1370 1289; x_wconf 87' lang='lat' dir='ltr'>quadra·</span> 
     </span>
     <span class='ocr_line' id='line_1_4' title="bbox 317 1308 588 1397; baseline -0.004 -22"><span class='ocrx_word' id='word_1_21' title='bbox 317 1308 441 1397; x_wconf 79' lang='lat' dir='ltr'>gesimo</span> <span class='ocrx_word' id='word_1_22' title='bbox 462 1312 588 1395; x_wconf 82' lang='lat' dir='ltr'>quartu.</span> 
     </span>
    </p>
   </div>
   <div class='ocr_carea' id='block_1_3' title="bbox 746 1546 1042 1555">
    <p class='ocr_par' dir='ltr' id='par_1_3' title="bbox 746 1546 1042 1555">
     <span class='ocr_line' id='line_1_5' title="bbox 746 1546 1042 1555; baseline -0.003 0"><span class='ocrx_word' id='word_1_23' title='bbox 746 1548 754 1555; x_wconf 54' lang='grc' dir='ltr'><strong>ι</strong></span> <span class='ocrx_word' id='word_1_24' title='bbox 776 1548 942 1555; x_wconf 76' lang='lat'>-.—.·--—--..</span> <span class='ocrx_word' id='word_1_25' title='bbox 969 1548 1018 1555; x_wconf 75' lang='lat'>---</span> <span class='ocrx_word' id='word_1_26' title='bbox 1034 1546 1042 1554; x_wconf 71' lang='grc' dir='ltr'>ι</span> 
     </span>
    </p>
   </div>
   <div class='ocr_carea' id='block_1_4' title="bbox 727 1716 962 1784">
    <p class='ocr_par' dir='ltr' id='par_1_4' title="bbox 727 1716 962 1784">
     <span class='ocr_line' id='line_1_6' title="bbox 727 1716 962 1784; baseline -0.004 0"><span class='ocrx_word' id='word_1_27' title='bbox 727 1716 962 1784; x_wconf 77' lang='lat' dir='ltr'>OGOOXLVI.</span> 
     </span>
    </p>
   </div>
   <div class='ocr_carea' id='block_1_5' title="bbox 498 1876 1192 2098">
    <p class='ocr_par' dir='ltr' id='par_1_5' title="bbox 498 1876 1192 2098">
     <span class='ocr_line' id='line_1_7' title="bbox 498 1876 1192 1944; baseline -0.004 0"><span class='ocrx_word' id='word_1_28' title='bbox 498 1878 681 1944; x_wconf 79' lang='lat' dir='ltr'>Nrcuoms</span> <span class='ocrx_word' id='word_1_29' title='bbox 703 1893 751 1942; x_wconf 82' lang='lat' dir='ltr'>ou</span> <span class='ocrx_word' id='word_1_30' title='bbox 773 1876 886 1942; x_wconf 84' lang='lat' dir='ltr'>Moms</span> <span class='ocrx_word' id='word_1_31' title='bbox 908 1894 951 1943; x_wconf 73' lang='lat' dir='ltr'>&#39;ro</span> <span class='ocrx_word' id='word_1_32' title='bbox 975 1876 1105 1942; x_wconf 79' lang='lat' dir='ltr'>Hmar</span> <span class='ocrx_word' id='word_1_33' title='bbox 1125 1876 1192 1943; x_wconf 90' lang='lat'>111.</span> 
     </span>
     <span class='ocr_line' id='line_1_8' title="bbox 654 2032 1039 2098; baseline -0.003 -14"><span class='ocrx_word' id='word_1_34' title='bbox 654 2033 751 2098; x_wconf 63' lang='grc' dir='ltr'>(κομι</span> <span class='ocrx_word' id='word_1_35' title='bbox 760 2032 869 2093; x_wconf 64' lang='lat' dir='ltr'>Letum,</span> <span class='ocrx_word' id='word_1_36' title='bbox 880 2032 929 2084; x_wconf 78' lang='lat' dir='ltr'>uo.</span> <span class='ocrx_word' id='word_1_37' title='bbox 943 2036 1039 2097; x_wconf 55' lang='grc' dir='ltr'>ιω.)</span> 
     </span>
    </p>
   </div>
   <div class='ocr_carea' id='block_1_6' title="bbox 321 2168 1551 2749">
    <p class='ocr_par' dir='ltr' id='par_1_6' title="bbox 321 2168 1551 2749">
     <span class='ocr_line' id='line_1_9' title="bbox 366 2168 1501 2257; baseline 0.001 -21"><span class='ocrx_word' id='word_1_38' title='bbox 366 2170 580 2239; x_wconf 79' lang='lat' dir='ltr'>Serenissimo</span> <span class='ocrx_word' id='word_1_39' title='bbox 594 2193 632 2237; x_wconf 90' lang='lat' dir='ltr'>ac</span> <span class='ocrx_word' id='word_1_40' title='bbox 652 2169 924 2237; x_wconf 81' lang='lat' dir='ltr'>reverendissimo</span> <span class='ocrx_word' id='word_1_41' title='bbox 946 2170 1081 2237; x_wconf 89' lang='lat' dir='ltr'>domino</span> <span class='ocrx_word' id='word_1_42' title='bbox 1103 2192 1163 2237; x_wconf 88' lang='lat' dir='ltr'>suo</span> <span class='ocrx_word' id='word_1_43' title='bbox 1186 2168 1371 2257; x_wconf 85' lang='lat' dir='ltr'>H[eurico]‚</span> <span class='ocrx_word' id='word_1_44' title='bbox 1384 2197 1501 2248; x_wconf 62' lang='lat' dir='ltr'>mm</span> 
     </span>
     <span class='ocr_line' id='line_1_10' title="bbox 322 2268 1551 2360; baseline 0 -20"><span class='ocrx_word' id='word_1_45' title='bbox 322 2274 386 2340; x_wconf 87' lang='lat' dir='ltr'>Dei</span> <span class='ocrx_word' id='word_1_46' title='bbox 417 2273 526 2360; x_wconf 82' lang='lat' dir='ltr'>gratia</span> <span class='ocrx_word' id='word_1_47' title='bbox 560 2273 698 2360; x_wconf 88' lang='lat' dir='ltr'>ill[ustri</span> <span class='ocrx_word' id='word_1_48' title='bbox 731 2274 816 2359; x_wconf 82' lang='lat' dir='ltr'>r]egi</span> <span class='ocrx_word' id='word_1_49' title='bbox 850 2272 991 2360; x_wconf 81' lang='lat' dir='ltr'>Angiiae,</span> <span class='ocrx_word' id='word_1_50' title='bbox 1025 2274 1159 2339; x_wconf 88' lang='lat' dir='ltr'>domino</span> <span class='ocrx_word' id='word_1_51' title='bbox 1190 2273 1373 2352; x_wconf 84' lang='lat' dir='ltr'>Hiberniae,</span> <span class='ocrx_word' id='word_1_52' title='bbox 1386 2268 1470 2316; x_wconf 55' lang='grc' dir='ltr'>Μ’</span> <span class='ocrx_word' id='word_1_53' title='bbox 1545 2344 1551 2357; x_wconf 63' lang='grc'>,</span> 
     </span>
     <span class='ocr_line' id='line_1_11' title="bbox 323 2374 1374 2463; baseline 0.002 -23"><span class='ocrx_word' id='word_1_54' title='bbox 323 2376 400 2442; x_wconf 91' lang='lat' dir='ltr'>duci</span> <span class='ocrx_word' id='word_1_55' title='bbox 424 2376 457 2439; x_wconf 91' lang='lat' dir='ltr'>N</span> <span class='ocrx_word' id='word_1_56' title='bbox 459 2374 639 2441; x_wconf 76' lang='lat' dir='ltr'>osmanniae</span> <span class='ocrx_word' id='word_1_57' title='bbox 654 2375 856 2461; x_wconf 78' lang='lat' dir='ltr'>Aquitaniae,</span> <span class='ocrx_word' id='word_1_58' title='bbox 874 2380 909 2441; x_wconf 88' lang='lat' dir='ltr'>et</span> <span class='ocrx_word' id='word_1_59' title='bbox 931 2376 1045 2441; x_wconf 90' lang='lat' dir='ltr'>comiti</span> <span class='ocrx_word' id='word_1_60' title='bbox 1067 2375 1281 2463; x_wconf 71' lang='lat' dir='ltr'>Andagavisa</span> <span class='ocrx_word' id='word_1_61' title='bbox 1295 2398 1374 2442; x_wconf 87' lang='lat' dir='ltr'>suus</span> 
     </span>
     <span class='ocr_line' id='line_1_12' title="bbox 323 2476 1374 2563; baseline 0.001 -20"><span class='ocrx_word' id='word_1_62' title='bbox 323 2478 446 2563; x_wconf 82' lang='lat' dir='ltr'>ubique</span> <span class='ocrx_word' id='word_1_63' title='bbox 483 2481 518 2543; x_wconf 90' lang='lat' dir='ltr'>et</span> <span class='ocrx_word' id='word_1_64' title='bbox 562 2479 598 2543; x_wconf 89' lang='lat' dir='ltr'>iu</span> <span class='ocrx_word' id='word_1_65' title='bbox 643 2478 795 2545; x_wconf 87' lang='lat' dir='ltr'>omnibus</span> <span class='ocrx_word' id='word_1_66' title='bbox 840 2477 948 2543; x_wconf 79' lang='lat' dir='ltr'>fidelis</span> <span class='ocrx_word' id='word_1_67' title='bbox 992 2478 1085 2543; x_wconf 84' lang='lat' dir='ltr'>miles</span> <span class='ocrx_word' id='word_1_68' title='bbox 1131 2476 1288 2544; x_wconf 87' lang='lat' dir='ltr'>Nicholas</span> <span class='ocrx_word' id='word_1_69' title='bbox 1332 2479 1374 2544; x_wconf 87' lang='lat' dir='ltr'>do</span> 
     </span>
     <span class='ocr_line' id='line_1_13' title="bbox 321 2578 1372 2661; baseline 0.001 -16"><span class='ocrx_word' id='word_1_70' title='bbox 321 2580 418 2645; x_wconf 86' lang='lat' dir='ltr'>Molis</span> <span class='ocrx_word' id='word_1_71' title='bbox 447 2580 597 2661; x_wconf 81' lang='lat' dir='ltr'>salutem,</span> <span class='ocrx_word' id='word_1_72' title='bbox 628 2602 702 2647; x_wconf 87' lang='lat' dir='ltr'>cum</span> <span class='ocrx_word' id='word_1_73' title='bbox 742 2578 933 2647; x_wconf 87' lang='lat' dir='ltr'>omnimoda</span> <span class='ocrx_word' id='word_1_74' title='bbox 967 2580 1152 2646; x_wconf 78' lang='lat' dir='ltr'>reverentia</span> <span class='ocrx_word' id='word_1_75' title='bbox 1182 2580 1274 2646; x_wconf 82' lang='lat' dir='ltr'>fidoli</span> <span class='ocrx_word' id='word_1_76' title='bbox 1306 2602 1372 2647; x_wconf 81' lang='lat' dir='ltr'>ser·</span> 
     </span>
     <span class='ocr_line' id='line_1_14' title="bbox 325 2682 611 2749; baseline -0.007 0"><span class='ocrx_word' id='word_1_77' title='bbox 325 2682 410 2749; x_wconf 88' lang='lat' dir='ltr'>vitio</span> <span class='ocrx_word' id='word_1_78' title='bbox 437 2686 472 2748; x_wconf 89' lang='lat' dir='ltr'>et</span> <span class='ocrx_word' id='word_1_79' title='bbox 494 2702 611 2747; x_wconf 88' lang='lat' dir='ltr'>amora</span> 
     </span>
    </p>
   </div>
   <div class='ocr_carea' id='block_1_7' title="bbox 370 2766 1492 2873">
    <p class='ocr_par' dir='ltr' id='par_1_7' title="bbox 370 2766 1492 2873">
     <span class='ocr_line' id='line_1_15' title="bbox 370 2766 1492 2873; baseline 0.004 -22"><span class='ocrx_word' id='word_1_80' title='bbox 370 2785 510 2871; x_wconf 78' lang='lat' dir='ltr'>Regiam</span> <span class='ocrx_word' id='word_1_81' title='bbox 540 2766 739 2873; x_wconf 65' lang='lat' dir='ltr'>ootestatem</span> <span class='ocrx_word' id='word_1_82' title='bbox 774 2789 921 2852; x_wconf 85' lang='lat' dir='ltr'>vostram</span> <span class='ocrx_word' id='word_1_83' title='bbox 950 2807 1018 2851; x_wconf 91' lang='lat' dir='ltr'>non</span> <span class='ocrx_word' id='word_1_84' title='bbox 1049 2786 1152 2851; x_wconf 85' lang='lat' dir='ltr'>lateat</span> <span class='ocrx_word' id='word_1_85' title='bbox 1183 2785 1273 2873; x_wconf 90' lang='lat' dir='ltr'>quod</span> <span class='ocrx_word' id='word_1_86' title='bbox 1300 2804 1492 2856; x_wconf 73' lang='lat' dir='ltr'>cumlmat</span> 
     </span>
    </p>
   </div>
   <div class='ocr_carea' id='block_1_8' title="bbox 325 2870 1547 4615">
    <p class='ocr_par' dir='ltr' id='par_1_8' title="bbox 325 2870 1547 3694">
     <span class='ocr_line' id='line_1_16' title="bbox 325 2870 1519 3005; baseline 0.001 -51"><span class='ocrx_word' id='word_1_87' title='bbox 325 2909 471 2955; x_wconf 85' lang='lat' dir='ltr'>rumoras</span> <span class='ocrx_word' id='word_1_88' title='bbox 486 2886 614 2975; x_wconf 89' lang='lat' dir='ltr'>publice</span> <span class='ocrx_word' id='word_1_89' title='bbox 637 2888 790 2954; x_wconf 83' lang='lat' dir='ltr'>volarent</span> <span class='ocrx_word' id='word_1_90' title='bbox 812 2888 852 2954; x_wconf 86' lang='lat' dir='ltr'>da</span> <span class='ocrx_word' id='word_1_91' title='bbox 875 2909 952 2976; x_wconf 81' lang='lat' dir='ltr'>rega</span> <span class='ocrx_word' id='word_1_92' title='bbox 976 2887 1147 2968; x_wconf 76' lang='lat' dir='ltr'>Navarra,</span> <span class='ocrx_word' id='word_1_93' title='bbox 1162 2888 1252 2976; x_wconf 91' lang='lat' dir='ltr'>quod</span> <span class='ocrx_word' id='word_1_94' title='bbox 1274 2870 1519 3005; x_wconf 45' lang='lat' dir='ltr'>rallatfflffls’</span> 
     </span>
     <span class='ocr_line' id='line_1_17' title="bbox 325 2991 1547 3078; baseline 0.001 -21"><span class='ocrx_word' id='word_1_95' title='bbox 325 2992 368 3057; x_wconf 84' lang='lat' dir='ltr'>ad</span> <span class='ocrx_word' id='word_1_96' title='bbox 391 2991 550 3056; x_wconf 90' lang='lat' dir='ltr'>Baionam</span> <span class='ocrx_word' id='word_1_97' title='bbox 584 2992 734 3056; x_wconf 87' lang='lat' dir='ltr'>accedero</span> <span class='ocrx_word' id='word_1_98' title='bbox 765 2991 806 3056; x_wconf 86' lang='lat' dir='ltr'>da</span> <span class='ocrx_word' id='word_1_99' title='bbox 836 3013 970 3057; x_wconf 82' lang='lat' dir='ltr'>assensu</span> <span class='ocrx_word' id='word_1_100' title='bbox 993 2992 1199 3078; x_wconf 88' lang='lat' dir='ltr'>quorundam</span> <span class='ocrx_word' id='word_1_101' title='bbox 1229 2992 1376 3058; x_wconf 86' lang='lat' dir='ltr'>civitatis</span> <span class='ocrx_word' id='word_1_102' title='bbox 1387 3006 1547 3071; x_wconf 73' lang='lat' dir='ltr'>thekingof</span> 
     </span>
     <span class='ocr_line' id='line_1_18' title="bbox 325 3073 1509 3192; baseline 0.002 -33"><span class='ocrx_word' id='word_1_103' title='bbox 325 3094 423 3174; x_wconf 88' lang='lat' dir='ltr'>illius,</span> <span class='ocrx_word' id='word_1_104' title='bbox 462 3113 522 3179; x_wconf 83' lang='lat' dir='ltr'>ego</span> <span class='ocrx_word' id='word_1_105' title='bbox 560 3091 622 3158; x_wconf 91' lang='lat' dir='ltr'>sub</span> <span class='ocrx_word' id='word_1_106' title='bbox 660 3092 873 3160; x_wconf 85' lang='lat' dir='ltr'>festinatione</span> <span class='ocrx_word' id='word_1_107' title='bbox 908 3114 974 3180; x_wconf 90' lang='lat' dir='ltr'>qua</span> <span class='ocrx_word' id='word_1_108' title='bbox 1005 3095 1108 3181; x_wconf 88' lang='lat' dir='ltr'>potui,</span> <span class='ocrx_word' id='word_1_109' title='bbox 1142 3116 1217 3160; x_wconf 91' lang='lat' dir='ltr'>cum</span> <span class='ocrx_word' id='word_1_110' title='bbox 1249 3101 1376 3182; x_wconf 83' lang='lat' dir='ltr'>quanta</span> <span class='ocrx_word' id='word_1_111' title='bbox 1387 3073 1509 3192; x_wconf 55' lang='lat' dir='ltr'>{⁴ss:22²</span> 
     </span>
     <span class='ocr_line' id='line_1_19' title="bbox 325 3195 1452 3282; baseline -0.004 -21"><span class='ocrx_word' id='word_1_112' title='bbox 325 3195 446 3261; x_wconf 87' lang='lat' dir='ltr'>militia</span> <span class='ocrx_word' id='word_1_113' title='bbox 468 3201 504 3262; x_wconf 88' lang='lat' dir='ltr'>ct</span> <span class='ocrx_word' id='word_1_114' title='bbox 534 3198 635 3282; x_wconf 82' lang='lat' dir='ltr'>genta</span> <span class='ocrx_word' id='word_1_115' title='bbox 668 3195 771 3282; x_wconf 88' lang='lat' dir='ltr'>potui,</span> <span class='ocrx_word' id='word_1_116' title='bbox 804 3195 924 3262; x_wconf 83' lang='lat' dir='ltr'>accessi</span> <span class='ocrx_word' id='word_1_117' title='bbox 953 3197 996 3260; x_wconf 87' lang='lat' dir='ltr'>ad</span> <span class='ocrx_word' id='word_1_118' title='bbox 1018 3201 1129 3282; x_wconf 75' lang='lat' dir='ltr'>partes</span> <span class='ocrx_word' id='word_1_119' title='bbox 1151 3196 1295 3275; x_wconf 77' lang='lat' dir='ltr'>Baianas,</span> <span class='ocrx_word' id='word_1_120' title='bbox 1317 3196 1452 3262; x_wconf 71' lang='lat' dir='ltr'>ubibeen</span> 
     </span>
     <span class='ocr_line' id='line_1_20' title="bbox 327 3273 1522 3391; baseline 0.003 -28"><span class='ocrx_word' id='word_1_121' title='bbox 327 3320 387 3386; x_wconf 84' lang='lat' dir='ltr'>par</span> <span class='ocrx_word' id='word_1_122' title='bbox 409 3297 552 3362; x_wconf 90' lang='lat' dir='ltr'>multum</span> <span class='ocrx_word' id='word_1_123' title='bbox 577 3301 707 3384; x_wconf 84' lang='lat' dir='ltr'>tompus</span> <span class='ocrx_word' id='word_1_124' title='bbox 729 3319 855 3363; x_wconf 88' lang='lat' dir='ltr'>moram</span> <span class='ocrx_word' id='word_1_125' title='bbox 882 3297 945 3364; x_wconf 84' lang='lat' dir='ltr'>faci</span> <span class='ocrx_word' id='word_1_126' title='bbox 963 3302 998 3364; x_wconf 84' lang='lat' dir='ltr'>at</span> <span class='ocrx_word' id='word_1_127' title='bbox 1012 3298 1105 3376; x_wconf 82' lang='lat' dir='ltr'>facio,</span> <span class='ocrx_word' id='word_1_128' title='bbox 1120 3304 1254 3387; x_wconf 85' lang='lat' dir='ltr'>proptor</span> <span class='ocrx_word' id='word_1_129' title='bbox 1276 3300 1374 3366; x_wconf 93' lang='lat' dir='ltr'>timo·</span> <span class='ocrx_word' id='word_1_130' title='bbox 1387 3273 1522 3391; x_wconf 44' lang='grc' dir='ltr'>ἓξὲξ,</span> 
     </span>
     <span class='ocr_line' id='line_1_21' title="bbox 326 3400 1487 3489; baseline 0.001 -23"><span class='ocrx_word' id='word_1_131' title='bbox 326 3424 397 3466; x_wconf 85' lang='lat' dir='ltr'>rem</span> <span class='ocrx_word' id='word_1_132' title='bbox 430 3400 577 3488; x_wconf 78' lang='lat' dir='ltr'>superius</span> <span class='ocrx_word' id='word_1_133' title='bbox 607 3421 805 3486; x_wconf 82' lang='lat' dir='ltr'>expressum.</span> <span class='ocrx_word' id='word_1_134' title='bbox 861 3400 907 3465; x_wconf 88' lang='lat' dir='ltr'>Et</span> <span class='ocrx_word' id='word_1_135' title='bbox 937 3401 1015 3488; x_wconf 90' lang='lat' dir='ltr'>quia</span> <span class='ocrx_word' id='word_1_136' title='bbox 1055 3423 1125 3466; x_wconf 87' lang='lat' dir='ltr'>non</span> <span class='ocrx_word' id='word_1_137' title='bbox 1155 3403 1375 3489; x_wconf 81' lang='lat' dir='ltr'>suppetebant</span> <span class='ocrx_word' id='word_1_138' title='bbox 1387 3421 1487 3474; x_wconf 80' lang='lat' dir='ltr'>money.</span> 
     </span>
     <span class='ocr_line' id='line_1_22' title="bbox 327 3501 1376 3592; baseline 0.002 -24"><span class='ocrx_word' id='word_1_139' title='bbox 327 3503 412 3568; x_wconf 86' lang='lat' dir='ltr'>mihi</span> <span class='ocrx_word' id='word_1_140' title='bbox 436 3503 609 3570; x_wconf 70' lang='lat' dir='ltr'>facultates</span> <span class='ocrx_word' id='word_1_141' title='bbox 631 3503 674 3568; x_wconf 88' lang='lat' dir='ltr'>ad</span> <span class='ocrx_word' id='word_1_142' title='bbox 697 3501 862 3590; x_wconf 85' lang='lat' dir='ltr'>stipendia</span> <span class='ocrx_word' id='word_1_143' title='bbox 887 3502 1051 3569; x_wconf 83' lang='lat' dir='ltr'>dictorum</span> <span class='ocrx_word' id='word_1_144' title='bbox 1072 3504 1227 3582; x_wconf 87' lang='lat' dir='ltr'>miiitum,</span> <span class='ocrx_word' id='word_1_145' title='bbox 1251 3526 1311 3592; x_wconf 82' lang='lat' dir='ltr'>ego</span> <span class='ocrx_word' id='word_1_146' title='bbox 1332 3505 1376 3569; x_wconf 76' lang='lat' dir='ltr'>ad</span> 
     </span>
     <span class='ocr_line' id='line_1_23' title="bbox 329 3603 1376 3694; baseline 0 -22"><span class='ocrx_word' id='word_1_147' title='bbox 329 3606 485 3672; x_wconf 82' lang='lat' dir='ltr'>notitiam</span> <span class='ocrx_word' id='word_1_148' title='bbox 515 3617 550 3671; x_wconf 85' lang='lat' dir='ltr'>et</span> <span class='ocrx_word' id='word_1_149' title='bbox 582 3604 755 3670; x_wconf 87' lang='lat' dir='ltr'>consilium</span> <span class='ocrx_word' id='word_1_150' title='bbox 786 3603 925 3671; x_wconf 84' lang='lat' dir='ltr'>Haurici</span> <span class='ocrx_word' id='word_1_151' title='bbox 953 3607 994 3672; x_wconf 86' lang='lat' dir='ltr'>do</span> <span class='ocrx_word' id='word_1_152' title='bbox 1027 3605 1230 3694; x_wconf 81' lang='lat' dir='ltr'>Wyghoram</span> <span class='ocrx_word' id='word_1_153' title='bbox 1259 3612 1376 3673; x_wconf 84' lang='lat' dir='ltr'>mutuo</span> 
     </span>
    </p>

    <p class='ocr_par' dir='ltr' id='par_1_9' title="bbox 329 3705 1379 3990">
     <span class='ocr_line' id='line_1_24' title="bbox 329 3705 1377 3794; baseline 0.002 -20"><span class='ocrx_word' id='word_1_154' title='bbox 329 3709 438 3794; x_wconf 84' lang='lat' dir='ltr'>accepi</span> <span class='ocrx_word' id='word_1_155' title='bbox 477 3729 498 3772; x_wconf 89' lang='lat' dir='ltr'>a</span> <span class='ocrx_word' id='word_1_156' title='bbox 528 3705 722 3792; x_wconf 86' lang='lat' dir='ltr'>Raymoudo</span> <span class='ocrx_word' id='word_1_157' title='bbox 764 3707 917 3772; x_wconf 90' lang='lat' dir='ltr'>Durandi</span> <span class='ocrx_word' id='word_1_158' title='bbox 948 3709 989 3774; x_wconf 85' lang='lat' dir='ltr'>do</span> <span class='ocrx_word' id='word_1_159' title='bbox 1019 3708 1109 3773; x_wconf 86' lang='lat' dir='ltr'>Villa</span> <span class='ocrx_word' id='word_1_160' title='bbox 1140 3709 1212 3775; x_wconf 85' lang='lat' dir='ltr'>civo</span> <span class='ocrx_word' id='word_1_161' title='bbox 1243 3709 1377 3776; x_wconf 83' lang='lat' dir='ltr'>Baionaa</span> 
     </span>
     <span class='ocr_line' id='line_1_25' title="bbox 329 3809 1377 3898; baseline 0.003 -22"><span class='ocrx_word' id='word_1_162' title='bbox 329 3812 487 3876; x_wconf 80' lang='lat' dir='ltr'>ducentas</span> <span class='ocrx_word' id='word_1_163' title='bbox 531 3829 657 3874; x_wconf 86' lang='lat' dir='ltr'>marcas</span> <span class='ocrx_word' id='word_1_164' title='bbox 705 3809 835 3895; x_wconf 80' lang='lat' dir='ltr'>argenti</span> <span class='ocrx_word' id='word_1_165' title='bbox 880 3831 940 3897; x_wconf 90' lang='lat' dir='ltr'>pro</span> <span class='ocrx_word' id='word_1_166' title='bbox 989 3809 1162 3898; x_wconf 84' lang='lat' dir='ltr'>stipendiis</span> <span class='ocrx_word' id='word_1_167' title='bbox 1214 3812 1377 3878; x_wconf 89' lang='lat' dir='ltr'>dictorum</span> 
     </span>
     <span class='ocr_line' id='line_1_26' title="bbox 330 3911 1379 3990; baseline 0.002 -12"><span class='ocrx_word' id='word_1_168' title='bbox 330 3913 484 3990; x_wconf 88' lang='lat' dir='ltr'>militum,</span> <span class='ocrx_word' id='word_1_169' title='bbox 523 3911 704 3976; x_wconf 86' lang='lat' dir='ltr'>reddendas</span> <span class='ocrx_word' id='word_1_170' title='bbox 750 3911 855 3977; x_wconf 81' lang='lat' dir='ltr'>eidam</span> <span class='ocrx_word' id='word_1_171' title='bbox 902 3912 947 3977; x_wconf 90' lang='lat' dir='ltr'>ad</span> <span class='ocrx_word' id='word_1_172' title='bbox 992 3912 1126 3978; x_wconf 89' lang='lat' dir='ltr'>octabas</span> <span class='ocrx_word' id='word_1_173' title='bbox 1172 3914 1379 3980; x_wconf 77' lang='lat' dir='ltr'>Pentecostes</span> 
     </span>
    </p>

    <p class='ocr_par' dir='ltr' id='par_1_10' title="bbox 331 4013 1381 4206">
     <span class='ocr_line' id='line_1_27' title="bbox 331 4013 1379 4106; baseline 0.002 -25"><span class='ocrx_word' id='word_1_174' title='bbox 331 4016 375 4081; x_wconf 88' lang='lat' dir='ltr'>ad</span> <span class='ocrx_word' id='word_1_175' title='bbox 418 4013 613 4080; x_wconf 81' lang='lat' dir='ltr'>scaccarium</span> <span class='ocrx_word' id='word_1_176' title='bbox 650 4017 798 4079; x_wconf 88' lang='lat' dir='ltr'>vestrum</span> <span class='ocrx_word' id='word_1_177' title='bbox 837 4013 1026 4081; x_wconf 86' lang='lat' dir='ltr'>Londoniae.</span> <span class='ocrx_word' id='word_1_178' title='bbox 1085 4015 1243 4096; x_wconf 77' lang='lat' dir='ltr'>Quocirca</span> <span class='ocrx_word' id='word_1_179' title='bbox 1279 4017 1379 4106; x_wconf 85' lang='lat' dir='ltr'>regias</span> 
     </span>
     <span class='ocr_line' id='line_1_28' title="bbox 331 4116 1381 4206; baseline 0.002 -24"><span class='ocrx_word' id='word_1_180' title='bbox 331 4117 489 4206; x_wconf 87' lang='lat' dir='ltr'>potestati</span> <span class='ocrx_word' id='word_1_181' title='bbox 525 4121 646 4182; x_wconf 68' lang='lat' dir='ltr'>vestras</span> <span class='ocrx_word' id='word_1_182' title='bbox 680 4116 852 4181; x_wconf 82' lang='lat' dir='ltr'>humiliter</span> <span class='ocrx_word' id='word_1_183' title='bbox 885 4117 1034 4203; x_wconf 87' lang='lat' dir='ltr'>supplico</span> <span class='ocrx_word' id='word_1_184' title='bbox 1068 4139 1107 4182; x_wconf 90' lang='lat' dir='ltr'>ac</span> <span class='ocrx_word' id='word_1_185' title='bbox 1141 4118 1268 4197; x_wconf 83' lang='lat' dir='ltr'>devote,</span> <span class='ocrx_word' id='word_1_186' title='bbox 1301 4141 1381 4205; x_wconf 91' lang='lat' dir='ltr'>qua-</span> 
     </span>
    </p>

    <p class='ocr_par' dir='ltr' id='par_1_11' title="bbox 331 4218 1379 4409">
     <span class='ocr_line' id='line_1_29' title="bbox 331 4218 1379 4305; baseline 0 -20"><span class='ocrx_word' id='word_1_187' title='bbox 331 4227 439 4298; x_wconf 87' lang='lat' dir='ltr'>tenus,</span> <span class='ocrx_word' id='word_1_188' title='bbox 471 4218 500 4284; x_wconf 91' lang='lat' dir='ltr'>si</span> <span class='ocrx_word' id='word_1_189' title='bbox 540 4219 656 4304; x_wconf 89' lang='lat' dir='ltr'>placet,</span> <span class='ocrx_word' id='word_1_190' title='bbox 698 4218 788 4284; x_wconf 89' lang='lat' dir='ltr'>dicto</span> <span class='ocrx_word' id='word_1_191' title='bbox 837 4219 1031 4305; x_wconf 87' lang='lat' dir='ltr'>Raymondo</span> <span class='ocrx_word' id='word_1_192' title='bbox 1074 4219 1226 4284; x_wconf 88' lang='lat' dir='ltr'>Durandi</span> <span class='ocrx_word' id='word_1_193' title='bbox 1264 4221 1379 4286; x_wconf 82' lang='lat' dir='ltr'>taliter</span> 
     </span>
     <span class='ocr_line' id='line_1_30' title="bbox 331 4319 1379 4409; baseline 0 -21"><span class='ocrx_word' id='word_1_194' title='bbox 331 4321 540 4388; x_wconf 77' lang='lat' dir='ltr'>satisfaciatis</span> <span class='ocrx_word' id='word_1_195' title='bbox 581 4319 623 4385; x_wconf 84' lang='lat' dir='ltr'>da</span> <span class='ocrx_word' id='word_1_196' title='bbox 662 4321 761 4384; x_wconf 86' lang='lat' dir='ltr'>dictis</span> <span class='ocrx_word' id='word_1_197' title='bbox 797 4319 949 4386; x_wconf 86' lang='lat' dir='ltr'>ducentis</span> <span class='ocrx_word' id='word_1_198' title='bbox 989 4321 1116 4401; x_wconf 88' lang='lat' dir='ltr'>marcis,</span> <span class='ocrx_word' id='word_1_199' title='bbox 1151 4321 1239 4407; x_wconf 88' lang='lat' dir='ltr'>quod</span> <span class='ocrx_word' id='word_1_200' title='bbox 1279 4323 1379 4409; x_wconf 85' lang='lat' dir='ltr'>digna</span> 
     </span>
    </p>

    <p class='ocr_par' dir='ltr' id='par_1_12' title="bbox 332 4421 1379 4509">
     <span class='ocr_line' id='line_1_31' title="bbox 332 4421 1379 4509; baseline 0.002 -20"><span class='ocrx_word' id='word_1_201' title='bbox 332 4447 368 4489; x_wconf 83' lang='lat' dir='ltr'>ss</span> <span class='ocrx_word' id='word_1_202' title='bbox 407 4424 515 4488; x_wconf 88' lang='lat' dir='ltr'>valeat</span> <span class='ocrx_word' id='word_1_203' title='bbox 563 4421 756 4503; x_wconf 88' lang='lat' dir='ltr'>collaudare,</span> <span class='ocrx_word' id='word_1_204' title='bbox 800 4429 834 4488; x_wconf 86' lang='lat' dir='ltr'>et</span> <span class='ocrx_word' id='word_1_205' title='bbox 880 4423 978 4509; x_wconf 88' lang='lat' dir='ltr'>quod,</span> <span class='ocrx_word' id='word_1_206' title='bbox 1018 4425 1047 4488; x_wconf 86' lang='lat' dir='ltr'>si</span> <span class='ocrx_word' id='word_1_207' title='bbox 1093 4446 1224 4490; x_wconf 86' lang='lat' dir='ltr'>necesse</span> <span class='ocrx_word' id='word_1_208' title='bbox 1269 4425 1379 4504; x_wconf 84' lang='lat' dir='ltr'>fuerit,</span> 
     </span>
    </p>

    <p class='ocr_par' dir='ltr' id='par_1_13' title="bbox 333 4524 1381 4615">
     <span class='ocr_line' id='line_1_32' title="bbox 333 4524 1381 4615; baseline 0.003 -24"><span class='ocrx_word' id='word_1_209' title='bbox 333 4525 379 4591; x_wconf 89' lang='lat' dir='ltr'>ad</span> <span class='ocrx_word' id='word_1_210' title='bbox 415 4526 520 4611; x_wconf 88' lang='lat' dir='ltr'>ipsum</span> <span class='ocrx_word' id='word_1_211' title='bbox 556 4524 636 4590; x_wconf 85' lang='lat' dir='ltr'>alias</span> <span class='ocrx_word' id='word_1_212' title='bbox 675 4546 843 4590; x_wconf 84' lang='lat' dir='ltr'>recursum</span> <span class='ocrx_word' id='word_1_213' title='bbox 880 4525 1000 4591; x_wconf 81' lang='lat' dir='ltr'>habere</span> <span class='ocrx_word' id='word_1_214' title='bbox 1042 4526 1211 4592; x_wconf 88' lang='lat' dir='ltr'>valeamus</span> <span class='ocrx_word' id='word_1_215' title='bbox 1249 4549 1310 4615; x_wconf 86' lang='lat' dir='ltr'>ego</span> <span class='ocrx_word' id='word_1_216' title='bbox 1347 4532 1381 4594; x_wconf 86' lang='lat' dir='ltr'>et</span> 
     </span>
    </p>
   </div>
   <div class='ocr_carea' id='block_1_9' title="bbox 566 4859 1164 4926">
    <p class='ocr_par' dir='ltr' id='par_1_14' title="bbox 566 4859 1164 4926">
     <span class='ocr_line' id='line_1_33' title="bbox 566 4859 1164 4926; baseline 0 -14"><span class='ocrx_word' id='word_1_217' title='bbox 566 4861 571 4890; x_wconf 92' lang='lat'>¹</span> <span class='ocrx_word' id='word_1_218' title='bbox 591 4859 638 4912; x_wconf 83' lang='lat' dir='ltr'>See</span> <span class='ocrx_word' id='word_1_219' title='bbox 658 4859 694 4912; x_wconf 88' lang='lat' dir='ltr'>M.</span> <span class='ocrx_word' id='word_1_220' title='bbox 711 4859 793 4919; x_wconf 84' lang='lat' dir='ltr'>Paris,</span> <span class='ocrx_word' id='word_1_221' title='bbox 813 4875 837 4924; x_wconf 89' lang='lat' dir='ltr'>p.</span> <span class='ocrx_word' id='word_1_222' title='bbox 850 4865 911 4921; x_wconf 85' lang='lat' dir='ltr'>ssl;</span> <span class='ocrx_word' id='word_1_223' title='bbox 928 4860 1032 4926; x_wconf 79' lang='lat' dir='ltr'>Rymer,</span> <span class='ocrx_word' id='word_1_224' title='bbox 1043 4861 1060 4911; x_wconf 91' lang='lat' dir='ltr'>i.</span> <span class='ocrx_word' id='word_1_225' title='bbox 1072 4877 1096 4926; x_wconf 87' lang='lat' dir='ltr'>p.</span> <span class='ocrx_word' id='word_1_226' title='bbox 1108 4865 1164 4913; x_wconf 72' lang='lat'>252.</span> 
     </span>
    </p>
   </div>
   <div class='ocr_carea' id='block_1_10' title="bbox 0 0 1836 5800">
    <p class='ocr_par' dir='ltr' id='par_1_15' title="bbox 0 0 1836 5800">
     <span class='ocr_line' id='line_1_34' title="bbox 0 0 1836 5800; baseline 0 0"><span class='ocrx_word' id='word_1_227' title='bbox 0 0 1836 5800; x_wconf 95' lang='lat' dir='ltr'> </span> 
     </span>
    </p>
   </div>
  </div>
 </body>
</html>
