3609 5800
457 825 523 888 284
615 837 730 887 norm
753 835 826 885 uun
849 837 966 887 orsus
989 838 1196 888 ursronrcm
1219 841 1370 892 currens

456 1014 638 1079 habueritis
650 1013 685 1078 in
701 1010 885 1100 praernissis,
908 1016 948 1076 ut
968 1012 1149 1077 secundum
1165 1013 1254 1098 quod
1276 1016 1312 1079 in
1335 1015 1397 1081 hoo
1418 1021 1512 1101 perte

456 1115 660 1196 inveneritis,
685 1115 754 1180 sive
785 1115 910 1180 bonum
941 1113 1011 1204 sive
1042 1115 1220 1193 maioma
1240 1115 1337 1182 nobis
1370 1117 1512 1204 recipere

457 1218 603 1284 veleatis.

501 1319 597 1385 Teste
620 1341 696 1407 rege
718 1319 806 1406 apud
831 1319 1070 1396 Horefordiom,
1094 1319 1221 1386 docimo
1244 1321 1298 1386 die
1321 1322 1410 1386 Maii.

501 1423 626 1488 Eodem
650 1422 747 1486 modo
771 1422 967 1486 mandatum
990 1426 1042 1487 est
1064 1421 1203 1508 singulis
1227 1423 1482 1490 vicecomitibus.

877 1827 1082 1894 DOXXXV.

471 1975 626 2040 Lsrrnns
650 1975 790 2040 Pnrnur
812 1992 856 2040 or
879 1976 1105 2055 Lnrusnnru,
1129 1975 1265 2042 Pruucr
1286 1994 1331 2042 or
1354 1976 1490 2043 Wmss.

804 2113 900 2180 (Roynl
912 2114 1018 2177 letters,
1029 2114 1078 2165 Nc.
1091 2117 1162 2179 286.)

500 2226 675 2293 Universis
698 2232 876 2315 praesentes
902 2228 1016 2292 literas
1038 2228 1234 2313 inspecturis
1257 2228 1311 2293 vel
1333 2228 1507 2310 audituris,

285 2299 358 2416 fig?
369 2306 407 2362 ¹⁹¹
454 2329 639 2395 lewelinus
672 2328 762 2394 filius
786 2328 925 2407 (ruffini,
948 2329 1099 2416 princeps
1126 2329 1256 2394 Walliae
1288 2334 1324 2394 et
1355 2331 1508 2396 dominus

454 2431 664 2509 Snoudoniae,
687 2431 827 2496 salutem
850 2431 886 2497 in
909 2431 1064 2496 Domino.

498 2535 640 2601 Noverit
662 2533 862 2600 universitas
881 2538 994 2598 vestre
1015 2532 1104 2620 quod
1124 2554 1185 2597 nos
1207 2553 1267 2618 pro
1288 2533 1379 2597 bonu
1398 2534 1508 2621 grstia

283 2605 413 2736 mii&
453 2637 578 2702 domini
616 2637 721 2702 nostri
764 2635 943 2721 H[enrici],
983 2634 1047 2700 Dei
1083 2636 1194 2721 gratio
1237 2635 1376 2700 illustris
1420 2636 1507 2722 regis

283 2742 402 2819 tennsor
452 2738 593 2826 Angliae,
609 2761 667 2826 pro
683 2738 780 2804 nobis
795 2742 830 2802 et
845 2737 1058 2824 magnatibus
1072 2742 1170 2802 terrae
1191 2743 1314 2802 nostres
1334 2759 1373 2802 ac
1391 2739 1507 2803 ceteris

282 2807 696 2939 iffiiss'gtsssooudjumribus
727 2840 850 2907 nostris
882 2839 1042 2920 habendo,
1066 2839 1107 2905 de
1139 2839 1291 2906 omnibus
1316 2841 1505 2907 rancoribus

280 2940 405 3007 Engund.
452 2950 487 3011 et
518 2946 650 3010 offensis
684 2966 765 3031 quas
798 2944 885 3009 idem
924 2942 1077 3009 dominus
1113 2952 1223 3008 noster
1259 2964 1320 3008 rex
1356 2944 1505 3030 concepit

452 3050 566 3113 contro
602 3068 671 3126 nos,
703 3045 870 3111 occasione
908 3044 1094 3131 aliquorum
1131 3065 1190 3131 per
1225 3065 1286 3109 nos
1323 3034 1503 3133 principem

449 3148 644 3235 preediotum
677 3153 791 3213 contre
821 3147 930 3234 ipsum
964 3151 999 3212 et
1036 3168 1113 3212 suos
1144 3149 1387 3212 uttentntomm
1420 3152 1504 3212 tem-

448 3251 583 3336 poribus
609 3251 680 3337 jum
711 3249 897 3337 praeteritis,
922 3254 957 3314 et
979 3270 1038 3335 pro
1061 3248 1258 3334 quibusdem
1280 3248 1405 3327 cestris,
1428 3270 1501 3335 pos-

447 3353 655 3433 sessionibus
671 3351 834 3431 dominiis‚
850 3350 1072 3431 libertatibus,
1087 3355 1122 3416 ct
1137 3348 1211 3415 eliis
1229 3348 1363 3436 juribus
1380 3352 1503 3415 nostris

448 3456 491 3521 ab
513 3454 627 3521 codem
649 3454 782 3519 domino
804 3458 918 3518 nostro
940 3474 1017 3539 rege
1038 3452 1134 3517 nobis
1153 3451 1322 3533 concessis,
1343 3457 1443 3538 prout
1465 3453 1501 3517 in

447 3558 553 3623 literis
579 3578 675 3643 super
696 3555 758 3621 hoc
789 3555 946 3621 confectis
976 3554 1106 3641 plenius
1128 3554 1328 3630 continetur,
1351 3558 1502 3619 tenemur

448 3666 483 3725 et
528 3660 615 3725 bone
659 3658 725 3722 fide
769 3657 997 3744 promittimus
1041 3656 1120 3720 dure
1159 3660 1194 3719 et
1231 3654 1358 3721 solvere
1395 3654 1501 3721 eidem

448 3761 580 3827 domino
603 3764 715 3825 nostro
738 3759 808 3845 regi
826 3758 969 3846 triginta
990 3756 1096 3821 millis
1118 3778 1302 3821 marcorum
1324 3756 1501 3845 sterlingo-

447 3886 521 3929 rum
543 3862 631 3951 upud
647 3862 852 3949 Wyttinton,
869 3859 924 3925 vel
939 3859 1005 3925 alio
1027 3859 1098 3924 loco
1121 3858 1217 3923 nobis
1239 3859 1283 3923 ud
1306 3860 1500 3925 solvendum

446 3988 539 4054 aeque
561 3964 678 4031 idoneo
710 3984 806 4048 quem
838 3962 945 4028 dictus
977 3960 1131 4026 dominus
1165 3965 1279 4025 noster
1310 3982 1371 4026 rex
1404 3961 1500 4026 nobis

446 4068 581 4134 duxerit
603 4064 851 4154 praefigendum,
874 4064 953 4129 dum
976 4068 1090 4128 tamen
1111 4084 1210 4149 super
1231 4062 1293 4128 hoc
1315 4084 1499 4149 perunum

445 4192 590 4235 mensem
612 4168 771 4233 fuerimus
800 4166 1002 4252 praemuniti,
1025 4164 1199 4229 solvendus
1222 4164 1375 4229 terminis
1397 4164 1499 4229 infru·

444 4273 583 4358 scriptis
618 4269 781 4347 videlicet,
817 4268 853 4331 in
887 4266 973 4332 festo
1006 4264 1041 4330 B.
1077 4265 1247 4331 Micbuelis
1278 4268 1428 4352 proximo
1449 4290 1498 4333 sc-

440 4380 566 4467 ·quente
598 4374 664 4438 triu
694 4370 800 4435 millia
832 4390 1026 4450 marcorum,
1050 4372 1085 4433 et
1115 4368 1162 4433 sic
1186 4368 1338 4454 deinceps
1360 4369 1498 4456 singulis

444 4476 541 4541 annis
562 4475 684 4541 eisdem
707 4474 760 4539 die
792 4478 827 4538 et
853 4472 925 4537 loco
946 4470 1013 4536 triu
1045 4470 1151 4535 millio
1176 4492 1370 4551 marcarum,
1394 4471 1497 4536 donec

444 4577 585 4667 praefato
599 4598 727 4642 summu
740 4575 882 4662 triginta
902 4572 1008 4637 millia
1027 4594 1209 4637 marcorum
1229 4571 1330 4638 fucrit
1349 4570 1496 4659 plenarie

445 4680 619 4767 persoluta.
660 4680 705 4744 Et
728 4679 770 4744 ad
792 4678 852 4743 hoc
874 4678 915 4742 de
936 4674 1071 4741 consilio
1091 4681 1126 4741 et
1146 4696 1279 4740 assensu
1300 4680 1494 4760 magnetum
