3609 5800
420 894 485 958 192
575 907 689 956 nomn
711 907 785 956 nun
807 908 922 957 ornan
945 909 1149 958 nrsromcnn
1173 910 1320 960 temnus

417 1088 467 1147 est
504 1105 605 1170 papae,
644 1039 830 1170 suspectum
865 1085 977 1163 habeo,
1012 1092 1047 1151 et
1078 1086 1171 1170 quasi
1203 1105 1315 1150 omnes
1349 1088 1469 1172 praeter

417 1185 612 1270 magistrum
634 1185 817 1251 Albertum.
864 1186 982 1252 Valete
1005 1209 1132 1274 semper
1153 1188 1189 1252 in
1212 1187 1396 1276 D[omino].

461 1274 633 1341 lodorsod.
680 1275 823 1340 Domino
858 1276 1002 1343 Henrieo
1034 1328 1042 1342 .
1069 1329 1075 1343 .
1105 1328 1111 1341 .
1141 1329 1147 1342 .
1180 1282 1215 1342 et
1253 1277 1373 1342 illustri
1398 1277 1467 1364 regi

416 1376 556 1462 Angliae⁸
582 1399 648 1464 ¹pro,
676 1379 833 1465 magistro
867 1379 908 1445 de
941 1378 1163 1466 Hemingford
1193 1379 1308 1446 elerico
1340 1401 1399 1446 suo
1431 1379 1466 1444 iu

415 1478 507 1542 curia
530 1478 680 1544 Romana
702 1480 852 1547 moranti.

727 1745 1159 1754 mun—um

876 1859 1017 1965 nnvir.
1122 1859 1128 1872 ’
1185 1859 1221 1872 “’
1277 1859 1312 1871 ”

436 2031 566 2096 Herm
593 2031 660 2098 ΙΙΙ.
684 2048 728 2097 ro
753 2049 823 2097 ran
849 2033 932 2096 Mas
958 2048 1003 2096 on
1031 2030 1344 2097 Onusaruoussrun
1368 2043 1441 2094 nun

762 2135 1121 2200 Huumuonousnme

714 2283 786 2347 (aas
797 2284 854 2334 Pat
867 2289 898 2332 45
909 2283 975 2334 Heu.
988 2283 1047 2344 111.‚
1057 2283 1148 2334 memb.
1160 2284 1198 2346 3.)

246 2412 303 2464 Oet
317 2419 356 2478 18,
459 2405 532 2472 Rex
552 2407 705 2472 omnibus
727 2406 881 2472 fidelibus
905 2407 973 2472 suis
996 2406 1212 2472 comitatuum
1242 2403 1463 2487 Cantabrigiae

412 2514 447 2574 et
471 2509 706 2591 Huntedoniae,
729 2510 877 2575 salutem.
924 2503 937 2528 ⁸

246 2606 380 2724 llzlffi
458 2612 619 2678 Miramur
658 2613 838 2700 plurimum
869 2617 904 2677 ot
946 2633 1117 2694 movemur
1151 2611 1248 2696 quod,
1278 2610 1364 2675 sicut
1393 2609 1462 2693 jum

243 2682 396 2803 diplealiure
412 2715 508 2800 plene
530 2713 762 2795 intelleximus,
780 2715 916 2801 quidam
933 2714 1029 2780 nobis
1052 2713 1263 2778 adversamus
1281 2713 1463 2778 custodiam

243 2807 364 2857 ‘'M'‘
411 2818 630 2883 comitatuum
660 2823 846 2883 nostrorum
875 2817 1116 2905 praedictorum,
1140 2820 1174 2880 et
1203 2815 1336 2902 quidam
1360 2819 1465 2880 eusto-

248 2485 320 2532 1261.

243 2879 379 2992 {effi
411 2919 507 3003 diam⁸
524 2920 663 3001 aliomm
686 2922 902 2986 comitatuum
934 2924 1121 2985 nostrorum
1153 2919 1217 2984 sibi
1248 2918 1319 2983 sine
1348 2917 1464 2982 volun-

243 3006 369 3123 {Jr‘ffi
410 3029 481 3089 tate
495 3023 550 3088 vel
564 3023 720 3089 mandato
734 3028 847 3088 nostro
861 3028 1045 3099 assumunt,
1061 3027 1097 3087 et
1110 3021 1317 3087 vicecomites
1336 3026 1465 3117 nostros

243 3141 369 3189 manum·
410 3132 446 3190 et
477 3124 558 3190 alios
595 3125 735 3191 ballivos
772 3131 901 3190 nostros
934 3126 1187 3211 provoluntate
1221 3144 1281 3188 sua
1314 3143 1465 3187 amovere

244 3208 395 3337 {mgb}
410 3233 622 3313 praesumunt,
652 3226 831 3293 inhibendo
861 3228 995 3314 insuper
1016 3249 1058 3291 ne
1080 3248 1137 3314 per
1166 3229 1366 3312 praeceptum
1389 3246 1462 3288 nos-

244 3352 379 3413 qurcoun-
410 3335 501 3394 trum
515 3329 569 3395 vel
592 3330 788 3395 auctoritate
814 3335 929 3394 nostra
953 3330 1057 3415 aliqui
1079 3330 1114 3393 in
1137 3328 1303 3415 praedictis
1329 3327 1463 3393 comita

242 3407 360 3521 &02⁰5
411 3431 502 3496 tibus
519 3430 686 3517 justitiam
708 3454 802 3497 suam
824 3438 1072 3518 prosequantur,
1086 3436 1123 3517 et
1138 3431 1203 3517 alia
1226 3431 1326 3497 etiam
1349 3440 1462 3496 eontra

243 3538 398 3617 ourshpriffa
409 3532 606 3598 fidelitatem
635 3533 730 3600 nobis
760 3534 906 3599 debitam
929 3532 1145 3620 perpetrando
1178 3534 1214 3598 in
1235 3533 1460 3619 praejudicium

244 3605 397 3656 aramum.
410 3640 445 3701 et
466 3635 631 3701 laesionem
662 3658 788 3702 coronae
818 3641 939 3702 nostrae
969 3636 1183 3701 manifestam.
1230 3636 1372 3701 Etcum
1402 3658 1461 3701 nos

409 3738 504 3803 vobis
526 3744 561 3804 et
584 3739 735 3804 omnibus
750 3740 790 3803 de
809 3760 911 3825 regno
934 3743 1045 3803 nostro
1068 3739 1170 3803 simus
1191 3738 1228 3803 in
1251 3760 1311 3804 sua
1325 3738 1462 3824 ,justitia

410 3842 584 3920 debitores,
598 3864 636 3907 ac
651 3826 795 3907 vobis'et
809 3840 948 3928 singulis
966 3841 1134 3925 justitiam
1157 3841 1310 3907 exhibere
1332 3846 1367 3906 et
1384 3841 1461 3926 jura

409 3944 612 4030 singulorum
650 3966 841 4011 conservare
873 3944 1103 4025 intendamus3
1144 3944 1238 4009 vobis
1267 3944 1461 4009 mandamus

409 4051 564 4132 rogantes
586 4052 756 4131 quatenus,
779 4045 841 4111 sub
864 4046 977 4111 debito
1007 4046 1180 4112 fidelitatis
1213 4052 1248 4111 et
1277 4045 1460 4111 dilectionis

411 4149 530 4237 quibus
558 4148 656 4237 nobis
677 4148 846 4233 tenemini,
876 4147 957 4234 ipsis
982 4148 1039 4233 qui
1068 4148 1206 4213 ballivae
1229 4153 1367 4229 nostras,
1391 4148 1460 4213 sive

411 4251 453 4315 de
475 4250 571 4315 dictis
593 4248 805 4314 eomitatibus
838 4249 959 4314 nostris
993 4250 1047 4315 vel
1076 4250 1257 4317 hundredis
1288 4258 1348 4318 aut
1377 4252 1459 4328 aliis,

411 4354 483 4417 sine
504 4352 662 4418 mandato
685 4356 720 4417 et
749 4352 923 4417 voluntate
949 4357 1062 4417 nostra
1092 4354 1156 4418 sibi
1187 4374 1349 4419 assumere
1379 4378 1461 4441 prse-

412 4460 557 4535 sumunt‚
580 4455 768 4519 nullatenus
791 4454 981 4531 intendatis,
1012 4476 1071 4520 nec
1097 4455 1144 4520 eis
1174 4456 1363 4522 obedientes
1385 4458 1460 4522 sitis

412 4558 448 4646 in
471 4556 687 4649 comitatibus!
703 4556 854 4649 tenendis
866 4562 936 4646 'aut
958 4557 1055 4621 rebus
1076 4557 1151 4621 aliis
1173 4580 1247 4644 quaa
1266 4559 1309 4623 ad
1332 4566 1459 4625 nostras

409 4643 549 4723 ballivos
586 4659 762 4746 pertinent,
796 4658 853 4722 sed
890 4658 1138 4725 vicecomitibus
1172 4662 1303 4748 nostris,
1340 4664 1459 4751 quibus

409 4762 586 4827 comitatus
619 4760 790 4847 predictos
820 4782 877 4847 per
907 4767 1035 4827 nostras
1058 4766 1208 4848 patentes
1238 4764 1350 4829 literas
1372 4787 1457 4830 com-
