3609 5800
368 893 620 945 rmuermrrvn
642 894 686 944 or
709 894 780 943 run
802 894 911 945 amau
933 894 977 943 or
999 894 1122 945 neaar
1144 894 1197 943 111.
1267 878 1311 947 67

260 1068 351 1134 cistae
372 1074 407 1135 et
430 1068 578 1155 reliquiae
599 1074 722 1135 nostrae
745 1069 874 1157 deponi,
890 1075 925 1135 et
939 1090 1052 1135 murus
1073 1069 1161 1134 inter
1184 1067 1312 1132 dietum

260 1171 445 1236 thalamum
477 1176 512 1237 et
546 1170 838 1259 eleemosynarium
871 1176 1041 1249 orestetur,
1073 1176 1108 1237 et
1139 1171 1176 1235 in
1209 1190 1313 1257 parva

258 1273 440 1359 garderoba
457 1273 559 1359 juxta
580 1280 711 1361 portam
727 1296 828 1339 unam
843 1272 1021 1340 fenestram
1035 1273 1116 1351 fieri,
1131 1278 1166 1338 et
1187 1292 1311 1337 novum

260 1374 410 1443 latioium
432 1382 510 1442 ante
532 1376 690 1464 capellam
713 1376 751 1443 B.
777 1376 939 1463 Stephani
961 1376 1042 1455 deri,
1064 1380 1099 1441 et
1128 1375 1166 1441 in
1187 1375 1312 1462 capella

262 1476 299 1542 B.
323 1478 494 1546 Kateu'nae
516 1478 663 1565 ejusdem
685 1480 872 1567 imaginem,
895 1484 931 1545 et
961 1478 1108 1564 ejusdem
1141 1478 1312 1543 historiam

262 1578 353 1647 ultra
374 1580 478 1647 altare
499 1581 624 1668 absque
647 1602 727 1647 auro
750 1587 785 1647 et
807 1603 906 1649 sauro
938 1582 1076 1647 honeste
1109 1580 1254 1668 depingi,
1276 1585 1313 1646 ot

262 1703 393 1749 murum
416 1684 500 1751 eirea
522 1683 646 1751 dietam
667 1684 834 1771 eapellam,
856 1684 917 1749 ubi
938 1684 1031 1771 prius
1060 1683 1127 1749 fuit
1152 1683 1311 1769 palatum,

262 1806 393 1849 murum
416 1784 497 1867 fieri,
524 1790 559 1852 et
589 1808 722 1853 murum
752 1786 852 1853 castri
882 1808 942 1876 per
970 1787 1140 1852 oelumnaa
1170 1791 1205 1851 et
1235 1805 1313 1870 sup·

262 1886 448 1973 ponitiones
477 1886 562 1955 bene
595 1888 772 1966 emendari,
805 1894 840 1956 et
877 1888 1034 1966 dealbari,
1071 1892 1107 1955 et
1140 1888 1312 1975 plumbum

262 2008 362 2075 super
383 1989 502 2055 turrim
525 1990 702 2070 emendari,
723 1996 758 2057 et
781 1990 919 2057 eandem
949 1992 1070 2057 tmrim
1099 1990 1254 2068 dealbari,
1278 1992 1315 2053 et

263 2112 376 2157 omnes
397 2092 520 2171 domos,
542 2098 613 2161 tam
643 2094 679 2159 in
710 2098 818 2159 oestro
849 2114 950 2181 quam
981 2094 1019 2159 in
1051 2092 1244 2174 curiatam
1277 2091 1314 2155 iu

263 2194 389 2279 guterio
420 2216 520 2281 quam
553 2196 590 2263 in
623 2194 823 2283 oooperturis
856 2195 1046 2277 emendari3
1084 2201 1119 2261 et
1150 2196 1187 2260 in
1216 2214 1314 2281 pareo

264 2300 331 2364 tria
367 2300 562 2381 molendina,
594 2302 750 2369 videlieet
788 2324 892 2369 unum
930 2302 974 2369 ad
1011 2302 1131 2367 durum
1167 2300 1313 2380 bladum,

263 2402 404 2467 alterum
426 2404 469 2469 ad
490 2404 664 2483 braaeium,
679 2410 713 2470 et
727 2405 866 2471 tertium
880 2402 1067 2471 fullerioum
1089 2403 1162 2467 fieri
1176 2403 1313 2468 faciatis.

265 2502 353 2570 Item
383 2525 496 2572 murus
526 2510 622 2572 extra
650 2528 810 2595 magnum
840 2507 1025 2573 thalamum
1054 2510 1205 2570 nostrum
1239 2526 1314 2589 pro-

263 2610 438 2687 sternatur,
449 2612 484 2674 et
497 2608 674 2675 latitudine
690 2608 878 2696 quindecim
891 2606 1013 2696 pedum
1028 2630 1049 2673 a
1064 2606 1153 2672 dicto
1167 2606 1315 2671 thalamo

263 2714 465 2791 amoveatur,
488 2716 523 2777 et
556 2711 597 2777 de
626 2732 713 2778 novo
742 2712 803 2777 fiat
833 2712 981 2799 ejusdem
1011 2708 1200 2775 altitudinis
1222 2708 1315 2792 eujus

264 2830 353 2876 nuno
374 2816 433 2891 est,
454 2816 489 2878 et
511 2812 599 2879 inter
620 2812 760 2880 eundem
782 2812 968 2881 thalamum
983 2818 1018 2879 et
1032 2813 1159 2878 dietum
1182 2832 1313 2876 murum

264 2911 325 2978 fiat
346 2915 511 3000 quoddam
533 2916 730 2996 herbarium,
754 2922 790 2982 et
820 2917 856 2982 in
882 2918 1047 2983 tresanoia
1080 2917 1170 2981 inter
1203 2913 1314 2979 aulam

264 3019 299 3080 et
322 3016 446 3082 dietum
469 3017 652 3085 thalamum
669 3019 730 3085 flat
760 3041 865 3084 unum
895 3020 1018 3084 ostium
1048 3018 1092 3083 ad
1120 3017 1315 3083 intrandum

264 3117 299 3181 iu
324 3118 449 3184 dietum
472 3120 670 3202 herbarium,
693 3127 729 3187 ot
758 3121 795 3186 in
816 3121 998 3209 garderoba
1028 3120 1168 3186 thalami
1190 3120 1315 3206 reginae

264 3225 388 3288 nostrae
410 3223 479 3288 alta
507 3223 651 3289 fanestra
672 3225 857 3306 vitreetur;
889 3228 925 3288 et
947 3225 989 3289 de
1019 3223 1169 3290 esohaetis
1198 3243 1316 3308 prove·

263 3323 435 3388 nientibus
450 3324 491 3390 de
505 3326 688 3410 quercubus
710 3326 883 3412 prostratis
898 3326 942 3391 ad
955 3327 1114 3412 praedicta
1127 3324 1318 3389 molendina

262 3423 393 3491 faoiatis
423 3447 528 3492 unum
559 3449 676 3516 rogum
708 3428 780 3494 fieri
817 3428 860 3492 ad
897 3429 1103 3515 operationes
1134 3428 1317 3514 praedictas.

258 3525 311 3597 ‚Et
334 3533 463 3593 austum
493 3529 584 3615 quod
613 3530 732 3596 adhoc
763 3530 939 3617 posueritis
953 3553 1012 3618 per
1036 3531 1145 3594 visum
1167 3536 1202 3594 et
1224 3531 1318 3594 tasti-

264 3629 413 3694 monium
436 3630 591 3718 legalium
613 3631 785 3700 hominum
809 3638 1020 3719 computetur
1042 3631 1106 3698 tibi
1128 3631 1171 3696 ad
1193 3653 1316 3696 soaooa-

263 3732 361 3796 rium.
406 3731 504 3799 Teste
525 3754 578 3798 me
599 3734 681 3822 ipse,
705 3733 795 3822 apud
819 3734 1010 3813 Guldeford,
1026 3734 1153 3799 decimo
1176 3735 1316 3820 septimo

265 3833 320 3898 dio
343 3831 554 3920 Septembris,
576 3857 664 3901 anno
686 3837 782 3923 regni
805 3837 911 3902 nostri
933 3837 1099 3903 tricesimo
1122 3838 1247 3924 quinto.

312 3935 485 4004 Iodoreod.
532 3937 668 4004 Summa
689 3938 847 4025 vjxxiijli.
871 3939 940 4028 viij.
953 3962 977 4006 s.
999 3943 1035 4004 et
1057 3939 1125 4004 md.
1149 3939 1198 4005 ob.
