3609 5800
431 868 474 931 26
579 874 696 927 noran
719 876 793 927 aru
816 876 934 927 crura
956 874 1161 925 nmromcm
1182 872 1332 923 narrans

427 1052 512 1117 fecto
551 1051 683 1136 negotio
717 1054 926 1116 recesserrmt.
983 1049 1039 1113 Ad
1075 1048 1180 1113 alium
1213 1048 1348 1133 quidem
1386 1047 1482 1125 diem,

428 1158 516 1219 certo
549 1154 619 1219 loco
650 1152 693 1217 ad
725 1153 786 1217 hoc
817 1152 905 1233 dato,
937 1152 1060 1217 nostris
1093 1150 1175 1216 illuc
1195 1150 1418 1229 venientibus,
1450 1153 1485 1213 et

428 1256 552 1343 paratis
577 1253 681 1320 faeere
715 1255 805 1340 quod
833 1254 889 1339 jus
923 1255 1073 1331 dictaret,
1105 1274 1174 1318 non
1207 1256 1482 1338 comparuenmt;

428 1360 517 1423 unde
539 1360 653 1444 postea
675 1354 785 1421 visum
807 1354 872 1421 fuit
894 1356 989 1420 nobis
1012 1359 1047 1420 et
1079 1354 1215 1421 concilio
1248 1358 1371 1433 nostro,
1395 1352 1484 1439 quod

427 1461 545 1526 deinde
567 1464 716 1547 treugam
741 1459 846 1524 eidem
869 1459 941 1545 regi
970 1480 1100 1523 servare
1122 1478 1191 1523 non
1213 1456 1417 1535 tenebamur,
1441 1478 1483 1521 ex

427 1585 492 1650 quo
515 1585 573 1650 per
594 1584 670 1627 eum
693 1563 877 1648 stetitque
900 1560 1011 1626 minus
1032 1562 1144 1627 fuerat
1171 1560 1213 1625 de
1234 1558 1481 1645 interceptioni-

427 1666 489 1730 bus
511 1665 577 1730 illis
599 1665 676 1730 hinc
702 1664 779 1729 inde
802 1664 1030 1743 satisfactum
1064 1668 1100 1728 et
1129 1662 1217 1727 idem
1251 1666 1365 1748 postea
1394 1661 1482 1727 dieto

427 1769 498 1854 regi
522 1769 757 1833 intimavimus.

260 1892 399 1943 Wethsre-
473 1870 519 1934 Et
541 1870 587 1935 sic
609 1892 668 1956 per
689 1870 793 1955 ipsius
815 1868 981 1934 defectum
1002 1871 1121 1955 treuga
1136 1867 1318 1947 deficiente,
1341 1868 1382 1931 de
1408 1888 1484 1931 con·

259 1958 405 2077 {ffiffiffl
429 1970 501 2037 cilio
525 1972 672 2036 omnium
695 1970 842 2037 fidelium
863 1976 1052 2036 nostrorum
1073 1971 1257 2056 incepimus
1278 1970 1311 2034 ei
1332 1990 1482 2055 guerram

259 2092 418 2159 waragalnst
429 2096 579 2154 movere;
617 2078 651 2139 et
682 2074 762 2139 certi
796 2094 910 2138 sumus
942 2073 1032 2160 quod
1063 2074 1099 2137 in
1132 2073 1343 2159 expeditione
1372 2076 1484 2137 nostra

260 2158 321 2219 hun,
428 2196 579 2263 prospere
605 2176 700 2241 nobis
726 2176 925 2262 contigisset,
948 2182 1143 2263 cooperante
1165 2176 1275 2260 gratia
1297 2174 1430 2251 Divina,
1454 2174 1483 2237 si

428 2280 537 2345 dictus
560 2300 666 2344 comes
690 2278 845 2343 Marchiae
861 2284 895 2343 et
911 2277 969 2342 alii
987 2278 1128 2364 imprisii
1150 2276 1255 2343 nostri
1270 2277 1311 2341 de
1333 2275 1484 2341 Pictavia

426 2381 569 2447 fideliter
603 2402 664 2445 nos
693 2381 875 2466 jurassent,
900 2384 935 2445 et
955 2380 1052 2445 nobis
1074 2380 1215 2445 firmiter
1245 2377 1482 2457 adhaesisseut3

428 2484 484 2549 sed
507 2505 559 2549 res
575 2489 626 2549 est
647 2504 742 2549 versa
764 2483 800 2547 in
824 2483 1035 2560 contrarium,
1052 2482 1137 2547 sicut
1152 2503 1195 2547 ex
1210 2479 1485 2567 subsequentibus

376 2621 379 2629 ·
427 2586 568 2671 liquebit
591 2586 770 2651 manifeste.

261 2699 312 2749 and
475 2688 690 2753 Procedentes
712 2688 817 2774 igitur
849 2689 890 2752 de
918 2688 1024 2752 Ponte
1047 2707 1151 2771 usque
1173 2684 1402 2762 Xanctouiam,
1425 2684 1484 2748 ubi

259 2765 404 2881 ffisfflm
429 2811 554 2855 moram
577 2789 713 2854 fecimus
736 2810 793 2874 per
816 2788 944 2874 aliquot
966 2788 1042 2867 dies,
1066 2793 1182 2874 postea
1206 2788 1359 2853 venimus
1381 2808 1484 2873 usque

261 2905 288 2947 to
300 2899 408 2960 Saintes,
430 2892 568 2978 Taunay
582 2913 680 2978 super
696 2890 858 2956 Charonte
870 2917 878 2972 ;
902 2891 961 2955 ubi
975 2891 1083 2958 nestri
1097 2892 1282 2978 ingressum
1296 2890 1484 2957 habuerunt

261 2967 389 3097 ffissgym
429 2994 472 3059 ad
494 2995 602 3081 ipsum
625 3015 735 3080 regem
750 2995 966 3078 gravandum,
982 2994 1041 3079 qui
1054 2999 1162 3060 castra
1183 2995 1336 3080 pradicti
1355 2993 1483 3059 comitis

429 3103 463 3162 ct
488 3118 621 3162 suorum
644 3095 837 3174 obsedita
859 3118 920 3182 pro
942 3096 1115 3161 voluntate
1131 3119 1191 3162 sua
1206 3097 1400 3184 occupavit,
1424 3118 1484 3160 nee

428 3201 557 3276 mirum,
572 3219 610 3264 eo
633 3198 722 3283 quod
744 3219 850 3262 comes
871 3197 941 3284 ipse
963 3204 1070 3264 castra
1091 3197 1150 3262 illa
1172 3204 1207 3263 et
1229 3198 1295 3262 alia
1310 3199 1485 3284 dereliquit

428 3303 590 3368 destituta
619 3302 707 3367 bona
735 3305 843 3388 gente,
873 3306 909 3366 et
937 3302 1003 3365 alia
1031 3300 1219 3387 garnisione
1248 3322 1316 3366 uon
1346 3302 1482 3366 munita

429 3403 535 3468 Nobis
567 3403 700 3489 quidem
727 3403 1005 3469 commorantibus
1027 3403 1066 3467 in
1088 3404 1204 3468 eastris
1226 3404 1315 3490 apud
1338 3404 1484 3488 Taunay,

428 3510 610 3572 tractatum
640 3506 705 3572 fuit
737 3507 824 3572 inter
854 3528 914 3571 nos
947 3511 982 3570 et
1015 3505 1203 3571 Galfm'dum
1230 3507 1272 3571 de
1307 3507 1484 3571 Rauneme
1501 3575 1516 3590 ‚

430 3608 602 3674 dominum
639 3609 679 3696 de
718 3609 1036 3695 Tayleburge‘quod
1067 3609 1110 3672 ad
1133 3609 1307 3673 servitium
1327 3615 1362 3674 et
1383 3610 1483 3674 {idem

429 3716 578 3775 nostram
594 3709 700 3775 redire
717 3711 851 3792 debuit;
874 3717 917 3788 et,
932 3711 994 3775 sub
1017 3732 1074 3797 spe
1095 3710 1165 3789 tali,
1181 3715 1333 3798 treugam
1356 3712 1385 3776 ei
1409 3733 1485 3777 con-

262 3825 402 3903 Thsneeto
431 3813 584 3879 cessimus
617 3813 705 3899 quod
738 3814 847 3899 ipsum
877 3829 949 3878 non
980 3835 1202 3899 gravaremus.
1247 3813 1483 3880 Verumtamen

263 3892 357 4022 ἓξὲξ
432 3938 507 3982 cum
538 3919 611 3981 toto
645 3917 791 3980 exercitu
813 3921 926 3982 nostro
960 3937 1069 3982 coram
1093 3915 1174 3981 villa
1206 3917 1246 3981 de
1281 3917 1485 4003 Tayleburge

264 3995 400 4102 wnere'ue
433 4017 592 4095 venimus,
608 4021 643 4082 ct
665 4018 701 4082 in
716 4017 821 4102 pratis
843 4018 967 4083 ibidem
990 4018 1134 4083 tentoria
1157 4023 1271 4084 nostra
1293 4019 1486 4096 fiximuset

261 4092 420 4222 ἓξὲξξθζῖζζ
432 4121 599 4207 potuimus
622 4125 703 4186 tunc
724 4119 779 4186 vel
800 4119 915 4184 villam
936 4121 1027 4185 illam
1050 4143 1126 4186 cum
1148 4128 1262 4201 castro,
1294 4122 1324 4187 si
1346 4122 1486 4188 fluvium

263 4226 306 4302 ²¹30
320 4224 474 4289 menende
505 4223 670 4290 Obarente
694 4222 925 4288 transissemus
955 4223 1044 4308 apud
1071 4224 1217 4310 Taunay,
1250 4224 1393 4310 cepisse;
1432 4225 1487 4290 vel

262 4292 395 4408 Ῑὲἓῖζρῗξᾶ
433 4331 669 4392 commorantes
694 4345 804 4391 eoram
819 4325 1039 4412 Taylleburge
1062 4331 1198 4411 pontem
1221 4325 1368 4412 ejusdem
1397 4327 1487 4393 villae

264 4426 401 4488 compelles
433 4429 636 4514 confregisse,
671 4429 721 4493 ita
752 4427 841 4513 quod
875 4449 943 4492 non
975 4428 1110 4493 haberet
1143 4451 1204 4494 rex
1238 4429 1398 4507 Franeire,
1428 4432 1487 4516 qui

263 4497 291 4607 lg
302 4499 408 4618 {m
433 4531 498 4595 lirit
528 4551 571 4594 ax
602 4529 705 4595 altera
737 4535 831 4615 parte
866 4529 972 4610 fluvii,
996 4530 1158 4596 transitus
1181 4553 1296 4596 versus
1319 4553 1390 4612 nes,
1412 4533 1487 4610 nisi,

433 4633 476 4698 ad
494 4631 640 4698 dolosam
655 4631 932 4699 machinationem
955 4633 1106 4720 praedicti
1128 4634 1258 4699 comitis
1273 4635 1431 4700 Marehiae
1453 4639 1488 4700 et

434 4734 610 4821 Regiualdi
633 4737 673 4801 de
696 4735 810 4814 Ponte,
835 4735 926 4802 dicto
949 4735 1098 4803 Galfrido
1121 4736 1162 4802 de
1193 4737 1372 4803 Raunoone
1393 4737 1489 4804 detu-
