3609 5800
448 912 694 963 muneraturus
716 914 759 962 os
781 913 851 962 run
873 913 981 964 aures
1004 915 1048 962 ou
1071 913 1191 964 unsar
1215 913 1265 962 111.
1313 899 1375 962 191
1484 938 1486 946 ·

331 1088 407 1154 dere
429 1088 558 1154 debetis
586 1089 688 1174 juxta
710 1088 850 1156 formam
884 1111 983 1176 quam
1017 1089 1236 1156 dominationi
1263 1093 1382 1156 vestrae

331 1191 392 1256 sub
415 1191 524 1278 sigillo
547 1191 759 1258 interclusam
786 1193 989 1272 transmitto,
1011 1197 1202 1258 revocantes
1231 1213 1383 1279 expresse

331 1295 443 1358 omnia
464 1295 689 1380 procuratorio
710 1296 972 1382 quibuscumque
994 1295 1141 1384 personis
1167 1294 1259 1384 prius
1285 1295 1382 1375 facta,

331 1401 366 1461 et
386 1398 687 1464 recommendantss
701 1419 856 1486 personas
872 1404 1119 1486 procuratorum
1143 1447 1273 1468 .....
1298 1397 1384 1484 [ne]-

332 1500 423 1586 gotia
446 1505 481 1566 et
502 1501 682 1588 petitiones
703 1523 763 1588 per
780 1502 868 1588 ipsas
883 1501 1016 1568 nomine
1031 1507 1141 1568 vestro
1163 1501 1384 1590 porrigendas,

332 1624 390 1689 per
411 1607 538 1670 vestras
559 1604 675 1670 literas
696 1605 852 1693 speciales
875 1604 1010 1670 domino
1031 1627 1134 1693 papae,
1165 1605 1386 1692 supplicantes

332 1705 439 1771 eidem
468 1712 631 1793 quatenus
660 1728 729 1787 vos,
753 1729 892 1795 regnum
916 1713 1073 1786 vestrum,
1090 1707 1177 1794 jura,
1207 1707 1386 1784 libertates,

333 1830 395 1874 con
416 1859 703 1878 ..........
726 1832 785 1897 pro
808 1861 816 1878 .
840 1861 877 1876 ..
905 1811 967 1876 bus
1012 1809 1210 1898 approbatas
1254 1809 1386 1899 pacifice

332 1913 483 1978 obtentas
514 1914 720 2000 temporibus
741 1913 862 1979 vestris
891 1917 926 1979 et
960 1914 1107 1979 omnium
1140 1912 1385 2000 progenitorum

332 2021 526 2094 vastrorum,
558 2017 645 2082 sicut
678 2021 923 2082 consueverunt
958 2016 1009 2080 sui
1043 2016 1294 2103 praedecessores
1324 2015 1385 2082 sub

333 2119 492 2184 Romanae
514 2119 656 2184 ecclesiae
678 2118 883 2207 protectione
916 2118 1075 2208 suscipiat
1101 2169 1385 2188 ..........

332 2226 514 2299 conservet,
529 2227 564 2287 et
584 2223 672 2308 quod
689 2222 885 2310 petitionem
903 2221 1055 2310 praedicti
1075 2221 1148 2288 falsi
1164 2221 1385 2310 procuratoris

332 2326 373 2391 de
402 2325 626 2390 confirmando
653 2325 843 2410 juramento
867 2325 1026 2413 praedicto
1052 2325 1185 2411 penitus
1209 2325 1385 2390 admittere

332 2433 468 2494 recuset.

377 2531 424 2595 Et
453 2531 520 2596 ista
556 2535 627 2596 tam
658 2529 796 2596 celerius
837 2551 936 2616 quam
967 2530 1123 2596 secretius
1156 2530 1382 2618 expediantur.
1399 2555 1462 2606 This

334 2632 408 2698 Scio
430 2633 519 2698 cuim
543 2683 703 2701 ......
727 2637 922 2719 magnatum
956 2615 1091 2719 Angliae¹
1118 2633 1236 2700 sunt
1226 2655 1263 2698 m
1296 2635 1411 2698 curia⁸
1399 2624 1487 2673 ⁸l²⁰¹¹¹⁶
1500 2625 1531 2674 ¹³⁰

331 2735 478 2822 l[iteras]
512 2741 723 2824 procurantes
758 2741 874 2802 contra
910 2756 978 2813 vos,
1009 2736 1067 2800 sed
1096 2735 1181 2802 nihil
1214 2691 1432 2823 proficieutdll
1431 2697 1520 2820 diffie

332 2838 427 2905 vobis
449 2839 573 2905 invitis.
619 2838 666 2904 Et
688 2839 844 2925 magdster
875 2838 913 2905 R
945 2837 986 2904 de
1016 2838 1211 2905 Frauisham
1241 2839 1329 2905 dixit
1352 2861 1429 2957 segr
1399 2839 1467 2874 ⁸⁰¹¹¹⁰
1474 2824 1554 2943 (Ἢ

332 2943 490 3029 recepisse
518 2943 631 3008 literas
665 2942 835 3028 eujusdam
859 2942 991 3008 comitis
1014 2942 1139 3030 adpro
1162 2992 1384 3013 ........
1398 2897 1554 3023 orulrgland

333 3067 393 3111 vos
413 3068 474 3133 pro
495 3043 675 3112 baronibus
700 3046 829 3122 vestris,
844 3045 903 3109 sed
930 3044 1018 3111 dixit
1041 3068 1076 3111 se
1099 3046 1185 3111 nihil
1209 3046 1329 3125 fecisse,
1352 3026 1554 3143 etfflssffi

333 3148 414 3212 alias
443 3147 583 3213 tradidit
612 3148 771 3235 mamstro
795 3146 826 3212 J
858 3147 976 3228 Clarel
1000 3149 1056 3214 sed
1079 3150 1185 3215 nescit
1212 3149 1327 3235 quid
1317 3170 1386 3236 rpse
1399 3108 1518 3225 &usto

332 3250 453 3316 fecerit
1399 3242 1457 3293 5⁰⁰

379 3352 470 3419 Sciat
509 3358 620 3419 vestra
665 3354 848 3419 dominatio
885 3353 974 3440 quod
1012 3356 1218 3422 confirmatio
1257 3354 1385 3423 concilii
1399 3366 1493 3417 Thero
1494 3366 1553 3417 usr-

335 3453 574 3523 Londoniensis
607 3504 1017 3526 ..............
1040 3463 1194 3527 ansact.
1216 3458 1387 3546 ..cur[ia
1398 3434 1556 3551 ὼξῗξέῦζξῃ

330 3558 419 3644 j]am
449 3564 499 3625 est
528 3559 697 3647 impedita,
729 3581 788 3625 nec
825 3580 974 3644 unquam
1003 3508 1288 3627 confirmaburltur
1309 3583 1385 3627 con·
1398 3568 1542 3685 olpandon

335 3661 526 3727 stitutiones
558 3662 648 3727 illius
677 3662 807 3728 concilii
829 3666 946 3727 eontra
975 3682 1044 3745 vos,
1068 3663 1228 3749 quamdiu
1257 3634 1444 3731 habetis¹¹²⁸

335 3786 438 3831 unum
463 3764 780 3830 contradictorem
770 3786 807 3830 ιιι
841 3764 942 3845 curia,
966 3764 1051 3830 sieut
1073 3767 1190 3833 asserit
1221 3772 1354 3835 tota..

336 3918 884 3934 ..................
911 3868 1084 3933 consilium
1122 3871 1212 3957 quod
1248 3872 1388 3959 acquisi-

335 3970 444 4036 vimus
473 3970 605 4049 ibidem,
632 3992 728 4057 agere
753 3970 797 4035 ad
819 3970 1077 4037 infirmationem
1100 3974 1285 4052 earundem,
1309 3974 1388 4060 quia

335 4074 381 4139 sic
404 4074 598 4140 deducerem
621 4074 700 4159 jura
722 4078 833 4139 vestra
854 4077 890 4139 et
919 4074 1012 4161 regni
1034 4076 1139 4142 vestri
1159 4075 1384 4161 injusticiam,

334 4178 423 4263 quod
444 4177 589 4243 multum
610 4176 1081 4264 plaeeretpapaeetfratribus
1103 4227 1327 4249 ........
1350 4180 1386 4245 in

334 4302 369 4344 ra
398 4286 518 4347 vestra.
574 4278 708 4366 Hab[ui
741 4279 931 4365 con]silium
957 4302 1151 4369 magnorum
1177 4280 1385 4349 dominorum

335 4382 488 4450 decuria
513 4404 572 4470 pro
597 4382 726 4463 salario,
751 4385 786 4447 et
811 4380 1006 4470 magistrum
1036 4384 1202 4471 Angelum
1233 4386 1385 4453 clericum

335 4491 482 4552 vestrum
498 4486 669 4573 optimum,
685 4485 745 4571 qui
760 4484 845 4550 nihil
867 4486 942 4551 vult
965 4485 1107 4574 recipere
1128 4487 1207 4575 quia
1227 4494 1381 4578 expectat

335 4589 531 4657 solutionem
568 4587 633 4653 sibi
668 4588 732 4654 deb
761 4638 1386 4663 .....................

1398 3717 1491 3766 preren
1474 3703 1540 3752 ntad.

336 4741 559 4761 ........
655 4690 730 4756 aliis
756 4690 857 4777 juvat
889 4712 942 4755 me
974 4696 1008 4756 et
1041 4694 1238 4781 magistrum
1273 4694 1311 4761 R.
1350 4698 1385 4762 in

335 4797 453 4863 vestris
474 4795 624 4882 negotiis.
672 4792 854 4860 Robertum
884 4793 925 4861 de
955 4792 1030 4873 Bar,
1055 4796 1112 4882 qui
1134 4800 1233 4865 modo
1255 4800 1386 4869 odiosus
