3609 5800
432 877 475 940 30
588 888 704 940 norun
725 888 799 938 ΑΜ)
823 888 938 941 ornan
960 890 1168 947 urerourcau
1191 891 1337 944 murac

431 1066 594 1148 quatenus
616 1062 655 1129 in
674 1062 821 1143 liberam,
844 1086 971 1151 puram,
986 1070 1022 1133 ct
1039 1071 1233 1155 perpetuam
1244 1065 1484 1150 eleemosynam

430 1164 632 1250 apraedictis
646 1166 937 1252 praedecessoribus
953 1168 1075 1235 nostris
1090 1168 1206 1234 multis
1227 1174 1316 1237 retro
1330 1166 1487 1254 tempori-

429 1269 491 1335 bus
513 1271 646 1357 pacifice
679 1294 717 1339 oc
740 1274 852 1359 quiete
883 1279 1067 1341 tenuerunt
1101 1324 1233 1343 .....
1266 1274 1485 1362 possessiones

429 1378 602 1459 ceteraque
625 1375 711 1441 boue
733 1376 770 1439 in
792 1376 954 1441 comitatu
969 1376 1228 1455 Richemundiee,
1245 1382 1281 1443 et
1302 1378 1486 1463 praesertim

428 1475 465 1541 in
488 1476 611 1543 foresta
633 1478 674 1543 de
704 1477 988 1565 Wendeelaydale,
1010 1500 1031 1549 a
1053 1479 1187 1546 domino
1209 1479 1339 1566 P[etro]
1364 1480 1406 1547 de
1428 1478 1487 1545 Sa·

428 1578 550 1643 baudie
572 1584 606 1647 et
639 1580 706 1650 suis
740 1582 850 1647 minus
878 1581 972 1666 juste
1005 1582 1151 1659 detenta,
1181 1582 1318 1669 justitie
1351 1632 1484 1650 .....

428 1681 554 1746 nemini
572 1683 738 1749 mediante
761 1684 1016 1750 misericorditer
1029 1686 1162 1751 restitui
1184 1684 1321 1763 faciatis,
1343 1688 1484 1761 tantum,

429 1784 457 1848 si
482 1784 653 1871 placatio
677 1787 737 1851 hac
760 1792 854 1874 porte
876 1809 975 1854 causa
1001 1789 1065 1854 Dei
1089 1794 1124 1855 et
1146 1811 1280 1875 precum
1299 1773 1485 1854 nostram-m

429 1887 621 1952 interventu
652 1888 810 1955 facientes
841 1896 882 1955 ut
903 1891 1024 1956 merito
1058 1892 1231 1979 specialius
1268 1891 1363 1956 vobis
1386 1941 1393 1955 .
1417 1942 1423 1956 .
1447 1938 1486 1955 ..

432 1987 649 2074 [sin]oeritate
665 1991 880 2078 [di]lectionie
904 1992 1098 2081 obligemur.
1146 1993 1266 2058 Valeat
1281 1992 1486 2057 excellentis-

430 2091 513 2155 sima
547 2092 730 2158 dominetio
763 2098 875 2159 vestra
896 2092 933 2157 in
956 2094 1088 2181 Spiritu
1110 2094 1234 2160 Sancto
1256 2116 1315 2181 per
1337 2098 1487 2181 tempora

429 2192 585 2281 longiora.

790 2388 1170 2396 .—...----.———--—-—

806 2520 1080 2591 ccccxxxvi
1178 2470 1180 2474 ¹

431 2669 508 2735 Tur
541 2670 684 2735 Mamur
717 2685 792 2736 ruo
826 2670 994 2737 Oouvuur
1029 2686 1072 2735 ou
1105 2685 1176 2734 reu
1208 2668 1341 2733 Leonas
1364 2685 1408 2733 os
1431 2668 1484 2733 Su

521 2771 627 2837 Grues
650 2788 811 2837 wmuour
835 2772 985 2839 Louuou
1007 2788 1050 2837 ro
1073 2771 1238 2852 warren,
1254 2770 1486 2838 Aacuursuoe

521 2889 565 2938 or
588 2874 701 2940 Your.

785 3009 880 3076 <noyn
891 3009 998 3071 rotare,
1009 3008 1058 3063 No.
1071 3012 1143 3078 eoa.)

264 3130 383 3184 Between
478 3122 671 3190 Reverendo
718 3123 852 3189 domiuo
897 3146 957 3190 suo
1002 3116 1243 3213 archiepiscopo
1289 3123 1487 3192 Eborecenei

204 3283 209 3296 .
263 3197 308 3314 ξιξ
323 3203 402 3330 532²
432 3225 590 3312 magister
613 3229 648 3290 et
670 3231 852 3292 conventus
876 3225 1062 3313 Hospitalis
1085 3226 1302 3314 Leproeorum
1324 3227 1357 3296 S.
1374 3225 1487 3314 Egidii

265 3333 346 3382 moa*
432 3333 528 3394 extra
558 3326 773 3408 Londoniam,
812 3328 955 3396 salutem
992 3332 1027 3395 et
1064 3334 1215 3415 paratam
1251 3329 1294 3396 ad
1332 3329 1488 3416 obsequia

431 3431 647 3498 voluntatem

263 3521 386 3642 Welgomr
477 3533 693 3600 Excellentiae
718 3536 837 3598 vestrae
872 3531 1097 3620 significamus
1131 3535 1229 3620 quod,
1265 3555 1340 3601 cum
1374 3553 1434 3600 uos
1467 3555 1488 3598 e

263 3605 323 3708 iiii
340 3607 420 3712 αἵθ’
432 3641 578 3722 tempore
616 3636 713 3702 bonoe
751 3635 919 3702 memoriae
955 3636 1106 3702 Matildis
1140 3636 1328 3723 Anglorum
1365 3635 1487 3722 regiuae

263 3723 420 3840 ffiffiffigf
431 3737 629 3804 fundatricis
652 3741 687 3804 et
710 3737 883 3804 dotatricis
906 3738 1022 3804 domus
1043 3743 1166 3805 nostrae
1189 3739 1226 3806 in
1248 3761 1328 3827 peoe
1360 3739 1489 3806 steteri-

264 3871 379 3920 eexpro-
433 3861 514 3917 mus,
555 3839 806 3906 archidiaconus
846 3837 1084 3919 Middelsexiae,
1134 3846 1250 3907 contra
1296 3841 1486 3908 libertatem

264 3923 403 4041 ξᾝξω
432 3947 581 4007 nostram
603 3965 624 4006 a
645 3941 742 4008 bonae
765 3943 1003 4008 recordationis
1025 3943 1131 4008 nobili
1153 3944 1226 4008 viro
1242 3943 1389 4010 Henrico
1411 3963 1487 4027 rege

264 4005 358 4121 oguiing
368 4057 412 4106 the
433 4043 564 4132 Angliae
598 4045 696 4110 nobis
727 4066 920 4122 concessam,
952 4051 987 4112 et
1022 4051 1138 4112 contra
1172 4046 1258 4112 sedis
1302 4045 1489 4134 apostolieae

260 4123 413 4257 ffiffgf‘s
432 4147 608 4235 privilegia
639 4169 739 4234 super
770 4146 832 4214 hoc
866 4147 963 4214 nobis
985 4147 1126 4228 indulta,
1157 4171 1218 4214 nos
1243 4149 1281 4214 in
1311 4147 1432 4214 debitis
1455 4150 1489 4210 et

431 4251 526 4316 novis
564 4249 790 4315 exactionibus
835 4250 1022 4336 inquietare
1058 4272 1127 4316 non
1163 4250 1399 4339 proetemnittit,
1438 4248 1483 4314 ed

431 4353 613 4442 capitulum
651 4375 747 4418 suum
786 4353 823 4416 iu
855 4352 913 4440 jus
950 4374 1009 4418 nos
1053 4353 1213 4436 vocando,
1250 4350 1489 4442 suspendendo,

432 4456 757 4538 excommunicando,
804 4459 838 4525 et
881 4454 1021 4522 ulterius
1056 4461 1172 4522 contra
1212 4479 1272 4526 nos
1312 4453 1487 4522 brachium

445 4777 572 4906 smper
580 4776 624 4829 the
635 4775 785 4846 archbishop
796 4773 902 4830 onork
914 4789 967 4828 voe
979 4773 1065 4846 eaing
1076 4790 1103 4830 ee
1113 4780 1209 4844 regent,
1220 4772 1313 4842 during
1323 4772 1367 4826 the
1379 4773 1486 4824 absence

429 4871 444 4905 o
489 4871 503 4906 e
532 4873 590 4922 mg.
