3609 5800
418 869 666 922 1musrnsr1vn
692 871 735 920 or
757 871 827 922 usn
855 867 963 920 umes
987 870 1032 921 or
1054 871 1175 920 umens
1194 871 1246 919 111.
1293 852 1359 922 347

313 1048 448 1114 fimetis
494 1047 536 1113 In
558 1047 650 1134 eujus
673 1047 722 1113 rei
756 1047 984 1113 testimonium
1017 1047 1077 1112 hus
1110 1046 1223 1112 literas
1253 1045 1359 1134 sigillo

314 1149 459 1236 ejusdem
482 1149 608 1216 domini
631 1171 696 1236 quo
719 1149 846 1216 utimur
875 1150 912 1214 in
942 1149 1046 1238 ipsius
1078 1149 1214 1237 agendis
1245 1150 1358 1215 eodem

311 1253 447 1320 absente
468 1252 628 1342 sigillatos
649 1253 744 1318 vobis
767 1251 935 1318 mittimus
957 1257 1115 1340 potentes

356 1353 482 1422 Datum
508 1357 596 1443 opud
618 1353 956 1432 westmonasterium,
979 1355 1134 1421 vicesimo
1163 1359 1280 1420 ootovo
1303 1354 1356 1420 die

311 1458 444 1544 Aprilis,
470 1479 557 1524 enno
586 1459 680 1546 regni
709 1458 795 1544 regis
817 1458 942 1524 domini
964 1458 1110 1534 Henrioi,
1145 1457 1248 1546 putris
1274 1479 1356 1544 prae·

310 1559 391 1626 dieti
414 1560 548 1638 domini,
572 1561 843 1648 quinquagesimo
864 1567 966 1627 sexto.

720 1973 948 2041 DOLXXXV.

312 2115 444 2182 Persou
475 2113 631 2180 Enwsnn
660 2127 704 2178 ro
733 2129 804 2178 rus
825 2113 1056 2180 Aecsmssoe
1082 2131 1127 2179 or
1156 2115 1262 2181 Yonn
1284 2129 1358 2180 mu>

577 2231 718 2294 ornum,
745 2231 804 2280 urs
827 2215 1090 2282 Oomssmes

556 2345 559 2358 '
642 2358 738 2425 (Royel
749 2357 856 2422 Lutea,
865 2357 915 2409 No.
927 2361 1023 2424 snos.)

356 2474 548 2554 Edwerdus,
562 2473 700 2542 illustris
723 2475 808 2561 regis
822 2472 954 2560 Angliae
975 2473 1225 2562 primogenitus,
1239 2475 1359 2542 dilecto
1370 2483 1433 2549 Mor
1444 2489 1486 2544 ²⁵,

310 2583 346 2644 et
367 2576 546 2645 venerabili
580 2579 615 2642 in
638 2577 771 2644 Christo
804 2577 892 2663 petri
924 2575 1060 2642 domino
1082 2577 1271 2663 W[oltero],
1293 2577 1359 2644 Dei
1373 2553 1445 2601 ¹²⁷²·

311 2681 420 2767 gneio,
435 2677 633 2746 Eboinoemi
646 2679 893 2765 archiepiscopo,
910 2677 1041 2764 Anglise
1063 2679 1207 2765 primati,
1227 2679 1359 2745 domino

313 2779 500 2848 Willelmo¹
526 2781 650 2858 Bessot,
674 2781 803 2868 Regem
826 2780 868 2847 de
890 2775 1023 2847 Mortuo
1046 2781 1141 2860 lieri,
1157 2788 1192 2847 et
1214 2781 1360 2848 Roberto

313 2885 457 2966 anell,
483 2906 542 2951 seu
575 2883 764 2981 constitutis
797 2881 975 2949 solutiones
1008 2881 1195 2950 debitorum
1226 2906 1358 2951 suorum

313 2987 447 3053 Parisiis
468 2986 672 3068 lenientibus,
695 2986 843 3051 sulutem.

357 3090 441 3157 Cum
471 3089 668 3155 venerabilis
693 3089 746 3153 vir
778 3088 881 3155 freter
904 3088 1004 3176 Hugo
1027 3090 1143 3176 Ryvel,
1165 3090 1230 3157 Dei
1251 3091 1360 3177 gretie
1369 3108 1480 3173 Pnythe

312 3198 435 3260 nune
480 3194 598 3259 domus
635 3191 821 3279 Hospitalis
858 3191 889 3256 S.
934 3191 1101 3257 Johunnis
1144 3192 1359 3279 Jemsolymis
1368 3176 1512 3291 manu

312 3296 469 3382 magister
490 3294 632 3375 humilis,
655 3300 690 3359 et
713 3316 895 3381 pauperum
917 3293 1043 3362 Christi
1064 3300 1182 3375 eustos,
1205 3316 1244 3361 no
1273 3297 1514 3383 ejus-nanedthe

274 3408 278 3415 '
313 3398 389 3464 dem
412 3397 527 3463 domus
548 3402 738 3473 conventus,
761 3416 874 3463 versus
897 3395 1121 3462 Guillielmum
1139 3404 1179 3465 et
1201 3398 1358 3465 Reimun-
1370 3390 1495 3495 mopieppss

312 3500 393 3567 dum
430 3502 471 3565 de
510 3498 630 3576 Polere,
661 3498 787 3575 finires,
821 3498 1005 3563 Robertum
1041 3500 1083 3565 de
1120 3501 1291 3589 Monteny,
1324 3458 1414 3568 θήῃ

313 3602 483 3669 dominum
519 3602 654 3669 Petnrm
691 3602 733 3667 de
767 3600 920 3680 Domuss,
954 3602 1057 3668 sooios
1093 3608 1129 3668 et
1164 3609 1360 3671 morosiores

314 3706 551 3784 Narbonenses,
590 3725 649 3791 pro
686 3704 775 3769 mille
812 3705 989 3791 nongentis
1026 3705 1200 3793 sexaginte
1235 3714 1361 3794 septem

313 3809 414 3887 libris,
439 3806 610 3874 duodecim
641 3805 762 3885 solidis,
788 3812 822 3873 et
856 3828 915 3873 sex
948 3807 1092 3874 denariis
1116 3807 1361 3876 Turonensibus

313 3936 372 4000 pro
395 3910 489 3978 nobis
511 3914 776 3995 menueeperunt,
799 3914 834 3975 et
856 3931 890 3975 se
911 3910 1126 3975 nihilominus
1148 3912 1361 3998 obligumnt3

313 4037 351 4081 eo
372 4012 468 4079 vobis
488 4012 571 4077 elius
592 4010 776 4077 dederimus
797 4012 834 4075 in
864 4011 1030 4079 mundetis
1051 4014 1140 4099 quod
1172 4019 1240 4079 tres
1268 4014 1361 4082 mille

274 4100 281 4133 ⁸
315 4138 439 4182 meroes
454 4135 536 4202 quas
559 4113 683 4179 solvere
698 4118 850 4177 tenemur
866 4114 955 4199 apud
969 4113 1149 4181 Aoooniem
1170 4138 1282 4182 mense
1297 4117 1359 4183 Oe·

314 4218 419 4285 tobris
440 4215 591 4305 proximo
613 4214 725 4279 futuro
751 4213 891 4279 durante
929 4218 1026 4281 certis
1048 4218 1171 4283 nostris
1193 4220 1361 4285 oreditori-

312 4324 375 4387 bus
390 4320 566 4385 mitteretis
589 4317 719 4393 ibidem,
743 4317 908 4403 provisuri
931 4318 1145 4385 nihilominus
1167 4323 1256 4407 quod
1278 4322 1360 4388 dues

314 4424 403 4490 mille
426 4442 550 4487 meroes
572 4418 730 4507 proximis
752 4420 910 4485 nundinis
932 4421 973 4486 de
989 4420 1117 4509 Leigny
1138 4424 1359 4492 existentibus

313 4528 438 4593 solvere
458 4524 608 4591 ieoeretis
631 4520 766 4587 Parisiis
788 4521 862 4586 eliis
884 4524 1006 4589 nostris
1027 4525 1251 4608 oreditoribus,
1272 4529 1358 4595 unde

339 4672 593 4684 ...--———-—----
616 4672 634 4677 ..
669 4671 695 4676 .-
711 4670 736 4676 --

613 4751 619 4781 1
645 4747 772 4815 suusne]
792 4747 1026 4799 nouuminus.
