3609 5800
426 855 490 918 186
583 866 699 917 noran
721 868 794 917 sun
820 868 937 918 ornan
960 868 1168 920 nrsrorucan
1193 871 1346 922 terrens

423 1045 516 1122 cirea,
540 1045 599 1131 qui
620 1066 690 1110 non
720 1043 921 1131 permittunt
950 1045 1077 1132 aliquos
1108 1046 1151 1110 ed
1181 1046 1307 1112 dictum
1337 1031 1480 1112 castrum

421 1146 567 1228 bladum,
588 1147 714 1226 vinum,
738 1148 807 1234 pn.
829 1195 837 1215 .
859 1197 868 1214 .
892 1169 937 1227 os,
961 1169 1018 1234 seg
1039 1194 1047 1216 .
1070 1197 1078 1216 .
1102 1197 1109 1212 .
1132 1199 1148 1226 .‚
1164 1149 1218 1214 vel
1233 1149 1344 1235 aliqua
1365 1149 1481 1214 merei·

422 1250 534 1315 monia
557 1249 624 1314 aliu
645 1254 820 1336 asportare.
867 1251 921 1314 Ex
945 1250 1069 1335 quoin
1100 1254 1234 1316 tamtum
1256 1251 1390 1338 gravati
1419 1251 1482 1316 fui-

422 1375 496 1418 mus
533 1357 568 1418 et
605 1352 757 1440 oppressi,
791 1355 880 1438 quod
916 1352 1015 1418 multi
1050 1353 1090 1419 de
1123 1352 1368 1420 habitatoribus
1398 1353 1480 1419 dicti

422 1456 522 1520 castri
559 1460 693 1542 propter
734 1454 898 1520 defectum
930 1454 1125 1520 victualium
1166 1477 1200 1520 se
1230 1455 1272 1520 ad
1311 1455 1383 1522 loca
1413 1456 1479 1520 alia

421 1557 674 1635 transtulerunt,
696 1557 739 1624 de
761 1558 881 1644 quibus
902 1558 992 1645 quod
1014 1558 1057 1622 ed
1079 1557 1206 1624 dictum
1229 1565 1375 1624 castrum
1405 1559 1473 1624 ullo

421 1665 568 1747 tempore
589 1660 719 1725 inducti
740 1664 850 1726 essent
872 1680 941 1725 non
963 1681 1138 1747 speramus

253 1765 371 1819 without
466 1763 639 1840 Praeterea,
653 1761 743 1848 quod
764 1762 935 1828 molestius
953 1762 1050 1827 nobis
1065 1762 1191 1841 existit,
1208 1753 1305 1828 valde
1322 1762 1477 1830 timemus

254 1834 398 1952 mum
421 1866 555 1951 quod
522 1865 588 1930 rusi
598 1886 658 1951 per
668 1864 905 1931 dominationis
915 1871 1035 1932 vestrae
1049 1863 1234 1952 potentiam
1249 1866 1372 1950 absque
1386 1888 1478 1931 mora

254 1969 321 2016 ΜΟ
254 1983 478 2085 addubito]
420 1968 478 2053 huj
481 1969 611 2034 usmodi
625 1968 747 2034 nostris
762 1968 925 2054 angustiis
939 1973 974 2033 et
990 1967 1170 2054 pestilent'
1147 1990 1189 2032 11s
1213 1967 1373 2046 obvietur,
1390 1971 1475 2053 quod

254 2051 347 2151 {gabe
358 2110 384 2152 ω
421 2093 515 2156 quasr
505 2070 656 2136 infiniti
670 2070 711 2135 de
725 2069 970 2136 habitatoribus
986 2070 1064 2136 dict'
1040 2075 1067 2136 tr
1082 2069 1183 2136 castri
1194 2069 1358 2156 pr0p[ter]
1374 2093 1477 2187 penu·

254 2167 316 2218 ¹¹⁰¹d
327 2178 376 2220 ⁰¹¹2
420 2173 505 2238 riam
519 2173 716 2238 victualium
737 2178 773 2238 et
795 2171 957 2238 defectum
981 2178 1015 2238 et
1037 2177 1173 2259 propter
1193 2172 1260 2237 alia
1282 2175 1477 2259 gravamina

421 2299 497 2362 quae
519 2276 719 2340 incessanter
734 2274 857 2340 eisdem
879 2297 900 2339 a
918 2274 1008 2340 dicto
1023 2274 1217 2340 vicecomite
1232 2274 1421 2340 inferuntur
1436 2277 1476 2342 de

421 2379 510 2444 dicto
532 2383 638 2444 castro
667 2377 781 2464 fugere
804 2377 1063 2463 compellentur3
1093 2377 1181 2442 unde
1207 2383 1317 2462 posset
1346 2379 1474 2444 eontin-

318 2537 324 2554 ,
420 2503 496 2568 gere
519 2480 608 2565 quod
631 2479 758 2546 dictum
785 2486 929 2545 castrum
952 2479 989 2543 in
1011 2485 1109 2545 tante
1131 2479 1333 2546 desolatione
1347 2481 1476 2546 veniret

419 2585 507 2669 quod
538 2605 605 2674 non
644 2582 881 2648 ...ulterius
918 2603 978 2669 per
1009 2603 1090 2668 quos
1121 2582 1229 2668 ipsum
1261 2588 1403 2648 cestuum
1441 2589 1475 2650 et

419 2686 602 2751 dominium
622 2690 771 2750 vestrum
793 2692 903 2771 posset
925 2684 1049 2750 ibidem
1072 2684 1282 2770 aliquatenus
1303 2685 1471 2752 defensari.

462 2789 509 2854 Et
530 2788 596 2853 nisi
618 2792 704 2853 esset
725 2787 848 2852 factum
864 2792 1015 2852 nostrum
1038 2788 1207 2874 proprium
1230 2809 1354 2864 sonare,
1369 2788 1474 2854 dicere

418 2892 611 2957 auderemus
632 2890 722 2975 quod
752 2888 835 2955 utile
869 2894 954 2955 esset
995 2889 1090 2955 vobis
1121 2913 1181 2957 nos
1226 2889 1400 2957 defendere
1438 2897 1472 2959 et

412 2991 540 3079 juvare,
577 2998 612 3057 et
650 2992 738 3077 quod
775 2994 888 3055 nostra
926 2992 1071 3057 defensio
1115 2992 1211 3058 vobis
1248 2999 1282 3059 et
1326 2994 1471 3062 dominio

415 3100 527 3161 vestro
549 3142 682 3162 .....
709 3092 921 3160 contraherel
952 3095 1076 3159 multas
1111 3100 1242 3182 gentss;
1281 3101 1316 3162 et
1347 3104 1471 3183 quanto

416 3198 522 3284 magis
544 3197 602 3262 alii
623 3196 776 3263 viderent
797 3217 858 3261 noa
881 3195 1013 3261 defendi
1037 3218 1095 3283 per
1119 3202 1264 3263 vestram
1287 3200 1471 3284 potentiam

416 3306 451 3365 et
487 3299 609 3387 juvari,
654 3304 751 3365 tanto
790 3298 889 3364 citius
933 3297 1079 3365 dominio
1120 3306 1231 3366 vestro
1274 3306 1309 3366 et
1353 3302 1470 3369 fortius

415 3403 629 3469 adhaererent
692 3396 864 3481 Praet'erea,
905 3402 1082 3467 dummodo
1125 3408 1257 3490 gratum
1294 3405 1339 3471 sit
1376 3405 1470 3473 vobis

415 3514 450 3573 et
486 3513 597 3573 vestro
633 3507 866 3592 circumspecto
909 3504 1045 3571 consilio
1090 3510 1124 3571 et
1164 3512 1343 3594 acceptum,
1389 3511 1469 3575 satis

415 3610 583 3695 dig[num]
610 3602 655 3674 'et
695 3630 875 3695 congruum
920 3608 1123 3674 aestimamus
1160 3610 1248 3695 quod
1286 3611 1328 3676 nd
1360 3611 1469 3678 defen·

414 3713 540 3777 sionem
576 3718 724 3778 nostram
762 3710 909 3777 debeatis
947 3732 1110 3797 apponere
1148 3733 1283 3777 manum
1314 3720 1468 3794 vestram,

415 3836 490 3881 cam
512 3837 572 3880 nos
593 3815 689 3880 vobis
710 3834 771 3879 nos
792 3814 989 3879 advocemus
1012 3820 1046 3879 et
1068 3814 1104 3878 in
1126 3814 1288 3881 fidelitate
1301 3822 1413 3883 vestre
1432 3824 1467 3884 et

414 3920 536 3985 nullius
566 3918 701 3983 alterius
724 3921 901 3995 exstamus,
925 3922 960 3981 et
991 3917 1101 3981 omnia
1134 3939 1173 3982 ea
1203 3918 1388 4005 dequibus
1417 3928 1468 3988 est

414 4020 583 4087 eontentio
611 4020 701 4085 inter
728 4042 789 4084 nos
818 4024 854 4084 et
883 4018 1108 4085 vicecomitem
1132 4019 1395 4089 Lemovicsnsem
1425 4024 1466 4091 dc

414 4124 508 4191 feodo
529 4129 565 4189 et
595 4122 740 4189 dominio
762 4126 873 4187 vestro
895 4120 1128 4188 indubitanter
1150 4122 1308 4205 existunt,
1332 4130 1366 4191 et
1388 4128 1466 4212 quia

413 4228 501 4314 pacis
534 4225 685 4292 custodia
715 4230 750 4289 et
780 4245 973 4311 guerrarum
1005 4225 1128 4291 ooercio
1161 4225 1204 4290 ad
1230 4249 1289 4293 vos
1323 4228 1358 4293 in
1392 4229 1465 4295 istis

412 4331 563 4417 pertibus
585 4330 773 4395 dinoscatur
795 4327 967 4414 pertinere,
990 4328 1133 4394 maxime
1155 4350 1230 4395 cum
1252 4352 1312 4395 nos
1325 4331 1464 4397 velimus

413 4438 449 4499 st
475 4432 584 4520 parati
614 4432 716 4496 simus
747 4434 782 4494 et
815 4450 943 4516 semper
973 4428 1131 4496 fuerimus
1164 4432 1200 4495 in
1232 4438 1341 4499 vestra
1374 4434 1465 4501 curia

689 4642 992 4652 .——-————--
1006 4644 1075 4650 -—-.
1131 4644 1182 4651 .--
1214 4646 1240 4651 ,υ
1262 4646 1283 4651 .-
1298 4647 1326 4652 --.
1340 4648 1347 4652 .

480 4774 487 4805 ¹
505 4772 657 4841 mactae]
676 4772 711 4829 So
721 4772 778 4825 Ms.
790 4774 944 4839 apparently,
956 4772 1002 4825 but
1012 4772 1055 4825 the
1066 4774 1120 4826 first
1130 4772 1235 4841 syllable
1246 4774 1268 4826 ls
1279 4774 1398 4828 doubtfirt
