3609 5800
420 851 484 914 382
830 867 1009 917 arenumx
1032 869 1068 917 11.

419 1042 534 1098 obsides
554 1044 741 1106 constituere,
756 1049 787 1099 et
798 1043 887 1098 iidem
906 1043 1022 1100 obsides
1041 1043 1134 1100 velint
1150 1061 1224 1099 onus
1242 1044 1402 1100 obsidionis
1420 1063 1474 1116 pro

420 1127 463 1180 eis
481 1127 580 1182 subire
599 1127 678 1198 quod
701 1127 759 1198 ipsi
784 1145 842 1184 une
869 1146 937 1184 cum
962 1128 1029 1184 aliis
1053 1129 1246 1200 complicibus
1270 1130 1333 1184 suis
1352 1129 1474 1186 odibunt

419 1217 528 1266 terram
541 1211 622 1282 regis
635 1211 797 1268 Wasoonise
810 1211 848 1267 od
861 1212 998 1268 standum
1015 1213 1059 1268 ibi
1077 1219 1157 1268 recto
1176 1213 1212 1267 de
1230 1214 1366 1269 omnibus
1378 1218 1474 1269 trans·

419 1295 621 1366 gressionibus
640 1297 683 1351 eis
701 1295 858 1368 impositis.
897 1297 984 1352 Teste
997 1303 1134 1369 utsupra
1153 1295 1239 1369 [rege
1257 1297 1337 1370 apud
1354 1297 1474 1354 Claren-

420 1379 486 1444 dou,
506 1379 646 1435 vicesimo
659 1382 784 1452 septimo
802 1380 850 1436 die
868 1379 1072 1452 Novembris}

454 1463 493 1518 Et
511 1464 680 1520 mundatum
699 1471 745 1522 ast
762 1465 978 1522 constabulario
990 1466 1094 1522 Turris
1107 1465 1263 1522 bondonis
1281 1466 1361 1538 qnod
1372 1483 1473 1522 omnes

419 1548 575 1620 praedictos
593 1554 719 1606 sectatos
731 1550 866 1622 recipiet,
885 1555 916 1606 et
933 1568 983 1606 eos
1002 1551 1034 1605 in
1053 1551 1151 1606 medio
1169 1551 1265 1608 stadio
1277 1551 1381 1606 Turris
1398 1568 1472 1623 prm·

420 1631 506 1688 dictm
536 1633 617 1688 solvo
645 1633 801 1700 custodiat,
833 1634 924 1691 donec
949 1633 1030 1690 aliud
1054 1635 1083 1690 ei
1114 1651 1166 1690 rex
1193 1634 1261 1690 inde
1286 1635 1469 1708 praeceperit,

420 1716 506 1772 'Peste
524 1725 559 1772 ut
576 1733 674 1790 supra.

900 1911 932 1968 N
933 1928 959 1969 o.
973 1911 1002 1969 9.

702 2037 773 2100 (Rot.
786 2037 842 2088 Pat.
854 2041 887 2088 at
899 2037 966 2089 Heu.
978 2035 1036 2097 ΠΙ..
1047 2037 1138 2090 memb.
1151 2037 1188 2103 5.)

251 2159 405 2212 Hermum.
453 2152 518 2209 Rex
536 2151 671 2208 omnibus
688 2157 745 2218 etc,
765 2152 899 2208 salutem.

173 2249 177 2258 ’
250 2235 405 2282 Downorthe
454 2237 561 2294 Sciatis
579 2253 632 2293 nos
650 2237 831 2294 concessisse
849 2253 903 2309 pro
920 2235 1005 2292 nobis
1018 2235 1217 2292 coheredibus
1234 2236 1343 2293 nostris
1361 2235 1469 2293 dilecto

250 2291 405 2384 tamt„
417 2327 447 2378 oc
471 2321 550 2378 aneu
568 2327 668 2378 nostro
687 2321 800 2377 simoni
829 2320 866 2376 oe
884 2320 985 2377 Monte
1004 2320 1096 2387 roro,
1116 2321 1218 2377 sonia
1235 2321 1414 2386 asianam,
1440 2329 1471 2378 ot

250 2387 365 2484 ffimm
416 2406 564 2462 Alienorm
589 2405 673 2462 uxori
704 2407 778 2478 ejus,
804 2406 898 2462 sorori
922 2410 1040 2470 nostre,
1068 2404 1147 2476 quod
1163 2422 1217 2462 nos
1241 2403 1368 2477 singulis
1385 2407 1470 2461 annis

417 2490 657 2564 respondebimus
681 2489 831 2562 praediotis
850 2489 952 2546 comiti
976 2495 1008 2546 et
1032 2488 1187 2555 dlicuom,
1201 2495 1232 2546 et
1254 2494 1469 2562 postmortem

417 2576 510 2648 ipsius
534 2575 649 2632 comitis
680 2575 828 2646 praedicas
851 2573 1000 2630 Alienorm
1028 2573 1169 2645 quamdiu
1194 2574 1312 2639 vixerit,
1332 2573 1369 2629 de
1392 2591 1469 2630 cccc.

417 2662 501 2718 libris
526 2679 599 2732 quas
623 2659 757 2732 praedioti
775 2675 873 2715 comes
897 2663 928 2714 et
945 2657 1087 2713 Alienora
1108 2657 1261 2730 percipere
1286 2657 1393 2714 debent
1416 2675 1470 2729 per

418 2763 526 2800 sunum
549 2745 666 2800 nomino
692 2743 769 2800 dotis
793 2743 887 2816 ipsius
912 2742 1060 2798 Alienoroe
1085 2742 1122 2798 de
1147 2742 1235 2798 terris
1259 2759 1325 2814 qma
1350 2741 1470 2798 fuerunt

416 2829 560 2885 Willelmi
573 2827 734 2896 Menoetii,
754 2827 871 2884 comitis
890 2826 1092 2893 Penbrochias‚
1107 2825 1253 2900 quondam
1272 2825 1331 2882 viri
1355 2827 1412 2892 sui.
1436 2826 1469 2882 in

417 2914 567 2970 Hibernia.
618 2914 655 2969 In
684 2913 778 2985 cujus.
811 2918 866 2969 etc.
917 2912 1005 2971 'I'este
1033 2928 1106 2984 rege
1144 2911 1224 2985 apud
1252 2910 1466 2979 windesoram,

416 2999 556 3055 vicesimo
577 3004 679 3055 octavo
696 2998 744 3054 die
762 2997 844 3055 Maii.
1454 3035 1459 3045 -

895 3180 954 3238 No.
973 3182 1019 3238 10.

909 3306 1002 3371 (uic.)

248 3440 402 3495 Mniesutae.
451 3428 514 3485 Rex
532 3426 666 3482 omnibus
685 3430 752 3491 etc,
773 3423 909 3481 salutem.
995 3434 1001 3440 ·

246 3515 356 3561 Acknow-
452 3510 559 3569 Sciatis
577 3528 630 3565 nos
648 3510 742 3566 teneri
762 3508 924 3565 Simonide
937 3508 1037 3564 Monte
1056 3508 1149 3574 Porti,
1168 3508 1269 3564 comiti
1286 3508 1464 3574 Leicestrioe,

247 3566 274 3662 ιρι
309 3568 377 3663 ΜΨ
415 3596 446 3652 in
469 3610 547 3651 accc.
577 3601 607 3650 et
632 3593 727 3649 tribus
757 3592 842 3648 libris
873 3592 1085 3663 sterlingorum
1113 3608 1167 3663 pro
1191 3590 1308 3647 defectu
1337 3592 1467 3649 militum

416 3698 488 3752 quos
517 3680 544 3735 ei
572 3678 720 3735 invenisse
744 3676 899 3733 debuimus
930 3694 985 3748 per
1009 3694 1101 3732 unum
1124 3693 1232 3732 annum
1262 3676 1299 3732 ad
1329 3696 1467 3749 guerram

415 3769 544 3821 nostram
563 3762 594 3817 in
610 3762 767 3818 Wasconia
779 3760 1009 3826 sustentandam,
1025 3778 1097 3832 qnae
1118 3759 1146 3815 ei
1164 3758 1248 3815 reddi
1266 3760 1408 3819 faciemus
1429 3762 1467 3817 ad

416 3848 595 3907 scaccarium
624 3853 758 3903 nostrum
790 3842 897 3901 Sancti
916 3844 1081 3910 Michaelis,
1114 3862 1199 3911 anno,
1230 3851 1286 3901 etc.
1316 3846 1466 3903 tricesimo

416 3939 527 4008 quarto.
566 3932 602 3989 In
620 3930 713 4004 cujus,
734 3936 789 3987 etc.
828 3929 916 3986 Teste
934 3935 968 3986 ut
986 3946 1084 4001 supra.

880 4120 940 4178 No.
958 4121 1003 4177 ll.

891 4246 984 4311 (ma)

247 4360 401 4415 heretiaco.
448 4350 508 4406 Pro
526 4348 690 4403 Tholossno
708 4350 870 4401 mercatore
898 4342 1065 4400 Florentiae.
1102 4342 1221 4415 (Postea
1246 4344 1350 4401 hebuit
1375 4344 1463 4403 brerc

412 4440 558 4491 mutatum
584 4432 621 4488 dc
648 4446 726 4486 uccc.
753 4431 871 4495 marcis,
892 4435 923 4484 et
940 4428 1066 4483 Thomas
1091 4429 1128 4484 dc
1152 4428 1300 4495 wintone,
1326 4429 1462 4497 clericus,

413 4519 515 4575 reddet
533 4518 621 4573 breve
641 4516 677 4571 de
695 4530 780 4571 eroco.
801 4514 918 4570 marcis.
953 4512 1062 4569 Postea
1078 4510 1208 4568 reddidit
1226 4512 1324 4580 breve,
1344 4521 1462 4588 propter

413 4604 491 4674 quod
509 4598 710 4670 cancellatur.)

245 4696 353 4740 Acknow·
448 4688 509 4741 Rex
535 4686 678 4745 omuibus.
699 4690 765 4741 eto..
794 4684 928 4738 sulutem.
968 4682 1076 4737 Scietis
1103 4700 1155 4736 nos
1181 4678 1274 4736 teneri
1300 4683 1462 4738 'Pholosano

244 4747 373 4841 fflfflnt
411 4771 564 4827 mercatori
585 4768 741 4825 Florentiae
770 4774 799 4822 ot
826 4768 913 4823 sociis
933 4766 995 4823 suis
1015 4766 1043 4821 in
1062 4780 1094 4821 ιι.
1116 4772 1144 4821 et
1164 4781 1240 4821 accc.
1261 4768 1378 4834 mercis,
1398 4768 1462 4823 rod-
