3609 5800
413 855 477 920 134
568 871 682 920 norm
703 870 778 919 aun
800 870 917 923 eruca
941 869 1146 922 rusromcln
1170 870 1314 926 currere

411 1051 540 1129 partem
571 1045 767 1114 substantiae
790 1050 913 1112 nostrae
935 1047 1105 1112 amisimus
1127 1047 1164 1112 in
1186 1046 1269 1112 mari
1292 1047 1354 1112 hoc
1375 1069 1463 1112 anno

411 1168 480 1231 prae
502 1147 613 1214 furore
634 1147 798 1215 fluctuum
819 1155 855 1214 et
877 1155 1061 1218 ventorum.
1102 1150 1212 1230 Quare
1228 1149 1464 1216 dominationis

410 1255 530 1316 vestrm
552 1249 762 1316 clementiam
784 1252 957 1318 humiliter
973 1257 1007 1318 et
1022 1252 1227 1318 unanimiter
1243 1253 1463 1340 deprecamur,

411 1357 575 1436 quatenus
589 1353 630 1418 de
645 1355 810 1420 eexcentie
832 1355 991 1422 librarum
1007 1355 1292 1422 morlandinerum
1307 1379 1390 1443 ques
1406 1356 1462 1422 de-

410 1454 525 1522 bemus
540 1455 674 1522 domino
689 1458 856 1524 Edwardo
871 1458 1001 1524 faciatis
1024 1459 1067 1523 ab
1090 1479 1128 1524 eo
1143 1457 1239 1524 nobie
1262 1460 1334 1524 dari
1350 1457 1461 1524 tenni-

410 1579 493 1622 num
514 1580 617 1644 usque
632 1559 675 1624 ad
691 1559 917 1626 Nativitatem
932 1559 1071 1627 Domini
1086 1562 1237 1648 proximo
1252 1561 1440 1628 venientem
1454 1586 1462 1640 ;

411 1660 490 1744 quia
523 1663 613 1738 tune,
635 1666 816 1748 prestante
850 1663 1004 1741 Domine,
1029 1665 1120 1730 omni
1144 1665 1303 1731 dilatione
1326 1670 1461 1743 remota,

410 1762 662 1848 persolverimus
684 1764 759 1830 illae
781 1766 812 1831 ei
827 1765 880 1832 vel
895 1788 956 1832 suo
971 1767 1091 1832 nuntio
1107 1774 1166 1834 aut
1181 1767 1346 1834 mundato.
1383 1767 1463 1832 Mit-

409 1865 512 1930 timus
534 1872 646 1932 autem
668 1869 712 1934 ad
734 1891 793 1934 vos
809 1868 966 1936 dilectum
982 1871 1087 1936 civem
1104 1877 1255 1938 nostrum
1275 1877 1310 1936 et
1332 1870 1462 1936 fidelem

410 1974 561 2033 nostrum
593 1970 628 2035 P.
664 1971 705 2036 de
736 1971 860 2050 Mente,
893 1972 946 2038 cui
981 1995 1079 2060 super
1113 1974 1164 2038 hie
1199 1979 1233 2040 et
1267 1973 1342 2039 aliie
1376 1995 1463 2038 com-

409 2071 516 2136 modis
547 2073 638 2138 mbie
670 2079 800 2154 nostrae,
818 2076 924 2142 immo
959 2082 1089 2155 veetrae,
1120 2077 1273 2164 poteritis
1303 2083 1459 2162 tanquam

408 2174 504 2238 nobis
527 2175 656 2240 credere
679 2178 891 2258 confidenter,
917 2185 951 2246 et
973 2203 1030 2267 per
1053 2203 1128 2246 eum
1150 2181 1342 2248 remandare
1357 2182 1466 2246 vestri

408 2277 605 2363 beneplaciti
628 2279 843 2347 volunta-tem.

720 2557 1142 2566 mm

855 2749 1002 2817 DXXII.

485 2889 606 2960 Recun
629 2912 673 2960 or
695 2893 867 2959 Ermum
891 2913 935 2959 ro
959 2895 1089 2959 Haunr
1113 2912 1156 2959 or
1179 2893 1393 2973 Wmcnnlu,

620 2998 722 3065 Delu
746 3014 789 3062 or
812 2999 863 3063 Sc.
888 2998 1068 3078 Manrm'e,
1094 2999 1250 3065 Lounor.
1307 3084 1308 3088 Ἴ

746 3136 842 3200 (Royal
852 3135 960 3197 bettore,
972 3136 1020 3187 No.
1035 3138 1130 3201 2,401.)

453 3250 648 3317 Reverendo
671 3251 805 3317 domino
820 3274 887 3330 suo,
912 3253 1045 3319 domino
1070 3252 1243 3339 H[cnrico]
1264 3251 1304 3317 de
1321 3251 1461 3338 Weuge-

407 3355 494 3432 ham,
517 3354 640 3447 decano
663 3355 695 3421 S.
719 3355 859 3421 Martini
882 3355 1134 3435 Londonieneic‚
1157 3378 1235 3423 auus
1251 3356 1397 3443 Rogerus
1420 3355 1461 3420 de

409 3460 583 3539 Evesham‚
607 3460 749 3538 clericus,
783 3460 924 3528 salutem
961 3448 1035 3527 eum
1074 3460 1165 3527 omni
1203 3460 1391 3527 reverentie
1428 3464 1462 3525 et

408 3563 537 3628 honore.

238 3692 329 3745 Inice
452 3666 682 3734 Dominationi
703 3674 825 3734 vestrae
848 3668 980 3734 insinuo
1003 3666 1091 3755 quod
1114 3690 1213 3734 sanus
1237 3672 1272 3733 et
1290 3667 1462 3734 incolumis

239 3761 369 3879 &affl
409 3770 553 3857 applicui
575 3771 663 3858 apud
680 3770 870 3843 Weeefordz
900 3770 959 3837 eed
982 3794 1040 3859 per
1062 3794 1181 3837 novem
1211 3772 1280 3838 dies
1308 3794 1366 3857 per
1395 3790 1463 3835 coa-

237 3866 373 3945 andam'
410 3880 515 3940 teram
570 3872 700 3941 Walliae
753 3876 927 3963 expectavi
972 3875 1129 3963 temporie
1174 3875 1463 3962 opportunitatem.

237 3962 391 4093 ffissffiss
411 3977 540 4042 Deinde
563 3978 671 4043 tribus
705 3977 821 4045 diebus
852 3984 887 4045 et
918 3978 1024 4045 tribus
1063 3979 1216 4045 noctibus
1250 3978 1396 4043 existens
1426 3976 1463 4040 in

236 4093 360 4147 aminea.
408 4082 493 4146 mari
515 4081 625 4146 variae
647 4086 682 4145 et
715 4081 837 4147 multae
871 4086 1086 4169 tempestates
1120 4080 1272 4147 sustinui.
1334 4079 1464 4145 Deinde

407 4183 444 4249 in
466 4206 593 4250 recessu
614 4176 730 4249 latoris
752 4178 967 4271 praeeentium
991 4182 1032 4250 de
1065 4184 1231 4249 Hibernia
1262 4182 1462 4269 colloquium

406 4286 511 4352 habui
549 4308 624 4352 cum
661 4286 795 4352 domiuo
833 4286 975 4352 Ricardo
1010 4287 1051 4352 de
1088 4282 1142 4377 ¹2..
1156 4276 1289 4363 Rokele,
1329 4285 1463 4350 domino

858 4492 919 4497 ...-
931 4492 1014 4497 --..-.-
1037 4492 1044 4496 .
1051 4494 1056 4496 .
1063 4489 1463 4497 -m--a-——u--a

441 4620 447 4647 ¹
465 4616 553 4668 While
570 4614 604 4667 Il.
628 4617 659 4668 os
677 4614 830 4685 Wingelmm
857 4634 909 4669 was
960 4617 1043 4669 Claus.
1057 4622 1089 4667 to
1107 4616 1173 4668 Heu.
1185 4614 1244 4678 111„
1256 4614 1347 4668 memb.
1359 4622 1398 4667 19.
1421 4615 1463 4666 He

406 4699 470 4746 deun
483 4698 514 4747 of
521 4698 558 4747 St.
570 4696 694 4747 Martin'c.
724 4698 771 4748 Sec
782 4697 908 4764 Bagdata
960 4710 1012 4747 uas
1033 4696 1131 4748 elected
1153 4696 1242 4761 bichcp
1263 4698 1293 4747 of
1310 4696 1417 4746 london
1436 4696 1463 4745 in

406 4774 576 4842 monasticon,
604 4776 648 4841 vi,
676 4792 700 4841 p.
732 4782 815 4841 13233
850 4778 907 4828 Rot.
960 4778 1120 4829 Junel259.
