3609 5800
388 880 453 943 228
532 893 647 943 nomn
669 894 743 944 sun
766 895 881 946 ornus
903 895 1112 947 nrsromcrn
1136 896 1282 947 nnrrnns

810 1182 1029 1250 DLXXXVI.

445 1300 576 1367 Hnrrr
599 1299 665 1367 III.
689 1316 732 1365 ro
756 1301 964 1367 Hunrunur
987 1318 1034 1367 ns
1058 1302 1195 1384 Bonus,
1219 1301 1317 1369 Eam
1339 1317 1384 1367 or

811 1403 1016 1471 Hnuarosu.

587 1533 658 1595 (Rot
671 1532 755 1584 claua
766 1535 799 1583 47
810 1534 877 1585 Heu.
889 1534 947 1597 ΠΙ.,
959 1537 1050 1587 memb.
1065 1541 1094 1586 15
1106 1535 1133 1586 in
1144 1537 1239 1602 dorso.)
1330 1577 1331 1581 ,

220 1656 284 1705 Dec.
296 1658 337 1718 24,
435 1636 507 1702 Rex
526 1637 706 1703 Humfrido
729 1638 770 1703 de
790 1638 911 1704 Bohun
934 1640 1046 1705 comiti
1062 1639 1275 1720 Herefordiae,
1290 1639 1438 1704 salutem.
1465 1663 1467 1667 ’

225 1726 296 1771 ¹²⁶2·
433 1738 553 1805 Sciatis
580 1738 668 1825 quod
694 1760 755 1805 nos
781 1744 816 1805 et
838 1741 953 1828 regino
975 1763 1106 1808 consors
1129 1747 1242 1808 nostra
1263 1741 1308 1805 in*
1323 1742 1438 1828 vigilia

220 1816 377 1949 {eligimur
389 1841 426 1907 B.
451 1841 584 1906 Thomee
614 1842 755 1928 apostoli
784 1864 937 1930 prospere
967 1844 1184 1931 applicuimus
1211 1845 1299 1931 opud
1326 1844 1436 1908 Dovo-

220 1949 337 2029 letteron
388 1944 482 2022 riam,
497 1947 532 2009 ot
553 1944 590 2007 in
612 1942 758 2009 adventu
783 1951 897 2010 nostro
918 1946 1007 2032 apud
1023 1946 1239 2013 Cantuariam
1258 1946 1437 2032 recepimus

221 2015 334 2082 ¹³¹¹d¹¹¹⁸'
388 2046 502 2110 literas
521 2050 667 2125 vestras3
694 2067 753 2132 per
776 2068 857 2131 quas
882 2048 978 2113 nobis
1002 2048 1210 2135 significastis
1236 2049 1324 2134 quod
1344 2047 1438 2111 vobis

388 2152 522 2236 gentem
559 2148 774 2227 mitteremus,
804 2150 848 2213 ad
889 2155 998 2215 castra
1036 2173 1109 2237 quae
1143 2152 1278 2217 fuerunt
1310 2150 1440 2215 comitis

390 2251 602 2316 Gloucestriae
626 2255 661 2315 et
684 2273 758 2336 quae
778 2257 858 2317 sunt
883 2252 920 2316 in
943 2253 1093 2318 custodia
1123 2259 1234 2318 vestra
1260 2252 1439 2318 munienda

389 2359 424 2418 et
446 2353 653 2418 defendenda
678 2358 794 2418 contra
820 2353 970 2420 inimicos
993 2360 1123 2422 nostros
1146 2356 1282 2421 Walliae.

279 2437 289 2451 ’
434 2454 562 2535 Quibus
591 2455 779 2521 rumoribus
811 2455 990 2521 intellectis
1020 2458 1134 2523 statim
1165 2459 1276 2523 vocari
1305 2457 1438 2524 fecimus

246 2553 264 2584 ¹¹
283 2538 308 2586 ⁵¹¹
389 2556 590 2622 bachelarios
620 2562 750 2624 nostros
780 2558 868 2642 quod
897 2557 1095 2624 festinanter
1124 2559 1262 2625 veniant
1297 2560 1340 2624 ad
1370 2582 1440 2624 suc-

277 2687 317 2721 ou.
389 2680 519 2724 cursum
546 2658 642 2722 vobis
672 2660 897 2745 praestandum
924 2665 1039 2725 contro
1066 2660 1232 2727 Walenses
1255 2662 1438 2749 praedictos.

390 2762 490 2827 Unde
520 2762 618 2826 vobis
648 2762 846 2826 mandamus
876 2762 966 2847 quod
995 2763 1129 2828 interim
1152 2786 1211 2829 vos
1235 2763 1378 2829 viriliter
1403 2769 1437 2827 et

388 2868 522 2929 strenue
544 2862 696 2928 habeatis
720 2863 762 2928 ad
785 2862 944 2950 praedicta
967 2869 1076 2931 castra
1100 2866 1280 2933 munienda
1303 2872 1337 2932 et
1363 2888 1437 2932 con·

389 2966 557 3030 servanda..
613 2965 683 3032 Nos
717 2971 830 3031 sutem
866 2966 1000 3032 solliciti
1038 2990 1150 3034 sumus
1180 2975 1215 3035 et
1243 2969 1367 3035 intenti
1396 2969 1438 3034 ad

388 3089 574 3132 succursum
605 3067 700 3132 vobis
737 3067 939 3133 mittendum
976 3090 1036 3155 pro
1073 3072 1207 3158 negotio
1242 3073 1437 3158 supradicto.

389 3169 508 3234 Postea
533 3169 758 3234 intelleximus
781 3192 840 3256 per
861 3171 974 3236 literas
996 3171 1116 3259 Rogeri
1137 3173 1176 3238 dc
1198 3173 1332 3239 Mortuo
1353 3173 1439 3238 Mari

389 3271 478 3358 quod
504 3271 574 3358 ipse
603 3276 638 3336 et
662 3269 859 3337 Humfiidus
885 3272 975 3338 filius
1001 3279 1110 3340 voster
1141 3274 1263 3341 obsessi
1294 3282 1373 3342 sunt
1403 3277 1438 3340 iu

388 3379 495 3440 castro
537 3373 578 3438 de
616 3371 785 3450 Kenelese,
823 3375 873 3439 ita
919 3375 1009 3460 quod
1053 3377 1143 3443 exire
1188 3399 1255 3442 non
1301 3383 1438 3465 possunt

388 3496 495 3561 neque
518 3475 677 3540 victualia
706 3497 861 3560 quaerere,
888 3498 947 3561 per
975 3478 1065 3563 quod
1090 3480 1184 3564 gravi
1210 3479 1355 3566 periculo
1382 3503 1437 3545 cx·

388 3581 565 3662 ponuntur.
624 3575 724 3641 Unde
753 3577 849 3642 vobis
874 3579 1072 3645 mandamus
1098 3582 1187 3667 quod
1210 3588 1336 3648 statum
1366 3605 1438 3649 ves-

388 3683 480 3743 trum
502 3699 570 3743 una
594 3699 669 3743 oum
693 3683 785 3743 statu
809 3678 1045 3765 praedictorum
1066 3682 1187 3769 Rogeri
1212 3690 1247 3750 et
1267 3684 1439 3750 Humfridi

388 3780 484 3844 nobis
514 3778 716 3866 significetis,
743 3784 783 3844 ut
812 3802 911 3867 super·
941 3783 1002 3848 hoc
1026 3784 1197 3849 consilium
1222 3791 1257 3851 et
1280 3785 1438 3852 festinum

387 3881 566 3946 remedium
591 3902 802 3967 apponamus.
846 3883 953 3962 Teste,
977 3890 1036 3950 eto

434 3983 602 4048 Mittimus
622 3982 718 4048 vobis
740 3982 854 4049 literas
877 3991 1008 4051 nostras
1033 3987 1230 4075 L[ewelirro]
1257 3990 1326 4056 filio
1352 3991 1438 4056 Grif-

388 4084 449 4149 fini
479 4085 626 4162 directas,
657 4089 698 4149 ut
737 4087 1010 4172 transgressiones
1045 4089 1141 4155 nobis
1179 4095 1214 4156 et
1251 4089 1439 4158 hominibus

388 4186 512 4250 nostris
537 4208 597 4273 per
627 4187 736 4273 ipsum
767 4193 802 4251 et
827 4209 904 4252 suos
934 4193 1051 4256 contra
1080 4191 1220 4258 formam
1250 4198 1438 4282 treugarum

389 4287 476 4351 inter
505 4309 565 4351 nos
595 4292 629 4352 et
665 4288 775 4373 ipsum
809 4288 970 4355 initurum
1007 4291 1118 4359 illatas
1154 4295 1251 4360 nobis
1288 4298 1438 4366 celeriter

288 4411 298 4427 ·
389 4387 490 4451 faciat
516 4388 700 4467 emendari3
730 4393 866 4475 propter
892 4392 982 4476 quod
1006 4394 1101 4460 vobis
1127 4397 1322 4464 mandamus
1349 4402 1437 4485 quod

387 4488 500 4552 literas
527 4489 600 4554 illus
622 4489 653 4553 ci
674 4489 872 4556 festinanter
893 4493 1047 4574 mittatis,
1073 4501 1107 4562 et
1129 4518 1320 4586 responsum
1341 4523 1438 4569 suum

388 4587 424 4652 in
446 4589 508 4654 hac
529 4593 623 4675 parte
645 4591 741 4656 nobis
762 4593 823 4658 sub
846 4593 1058 4663 festinatione
1081 4600 1162 4666 scire
1184 4601 1319 4668 faciatis.

684 4777 690 4782 -
704 4777 820 4786 ——u-—n
845 4782 884 4787 ..-
