3609 5800
451 828 516 901 272
607 846 722 896 noran
743 846 818 896 aun
840 848 957 896 ornan
978 847 1183 897 nrsronrcnn
1205 848 1352 899 narrans

449 1021 666 1099 suetudinem,
708 1022 761 1086 vel
798 1042 857 1107 per
886 1021 948 1087 hoc
985 1020 1048 1087 sibi
1086 1022 1313 1111 praejudicium
1352 1022 1501 1111 generari

449 1123 652 1211 temporibus
673 1122 803 1189 firturis.

495 1227 635 1313 Insuper
657 1226 698 1291 de
720 1226 869 1313 qualibet
890 1226 1009 1292 villata
1031 1229 1153 1293 assumi
1168 1228 1267 1295 facias
1289 1228 1332 1294 ad
1355 1229 1499 1295 eundum

449 1328 492 1393 nd
507 1328 708 1395 maritimam
729 1329 923 1416 praedictam
947 1335 1021 1396 octo
1046 1352 1106 1397 sex
1128 1330 1182 1396 vel
1204 1336 1348 1417 quatuor
1369 1384 1500 1399 .....

449 1482 672 1499 ........
689 1432 962 1520 magnitudinem,
978 1433 1019 1498 de
1033 1434 1223 1499 melioribus
1238 1439 1273 1501 et
1295 1434 1501 1521 probioribus

449 1534 625 1623 peditibus,
649 1556 723 1601 cum
757 1536 858 1600 armis
876 1536 1162 1623 competentibus,
1185 1537 1338 1603 videlicet
1371 1538 1500 1615 lanceis,

448 1638 597 1716 arcubus,
633 1648 667 1704 et
700 1638 839 1726 sagittis,
870 1638 999 1725 gladiis,
1031 1638 1166 1717 hachiis,
1189 1644 1224 1705 et
1255 1639 1385 1707 balistis
1418 1640 1500 1706 bene

449 1740 608 1819 munitis,¹
648 1741 768 1828 quibus
806 1740 847 1807 de
877 1745 1057 1807 ‘commune
1096 1741 1152 1807 det
1190 1793 1498 1809 .........

448 1844 575 1909 dierum
596 1843 696 1911 facias
725 1844 898 1932 provideri
944 1843 995 1910 De
1026 1844 1218 1911 civitatibus
1239 1866 1317 1909 vero
1349 1846 1501 1911 similiter

448 1949 563 2014 castris
585 1953 620 2013 et
650 1948 771 2034 burgis,
798 1946 857 2013 ubi
889 1946 996 2031 major
1018 1948 1112 2034 copia
1145 1947 1316 2013 hominum
1348 1947 1498 2029 habetur,

447 2051 625 2117 secundum
641 2050 815 2137 cujuslibet
837 2049 1100 2137 magnitudinem
1117 2056 1152 2115 et
1165 2049 1338 2116 facultates
1352 2050 1499 2116 homines

447 2158 517 2219 tam
539 2153 667 2241 equites
689 2175 788 2239 quam
809 2152 938 2239 pedites
971 2202 1008 2217 ..
1038 2203 1046 2218 .
1078 2204 1115 2218 ..
1146 2152 1354 2218 considerata
1376 2154 1498 2239 negotii

447 2256 608 2343 qualitate
630 2256 765 2321 duxeris
779 2254 1007 2332 ordinandum,
1022 2255 1065 2321 ad
1087 2255 1288 2321 maritimam
1309 2255 1499 2344 pradictum

447 2360 597 2426 accedere
618 2360 719 2427 facias
740 2358 839 2425 modo
862 2358 1059 2446 supradicto.

492 2464 563 2529 Nec
593 2463 714 2550 alleget
747 2462 918 2549 quisquam
949 2462 1078 2525 instans
1103 2465 1234 2547 tempus
1264 2461 1419 2527 messium
1441 2468 1499 2526 aut

447 2565 585 2653 alicujus
608 2565 744 2630 alterius
766 2565 815 2630 rei
837 2563 1009 2629 familiaris
1032 2563 1286 2650 occupationem,
1301 2584 1376 2627 cum
1399 2616 1405 2629 .
1430 2616 1436 2630 .
1461 2616 1466 2627 .
1491 2615 1498 2630 .

446 2676 580 2735 ..set
602 2665 746 2735 melius2
768 2717 897 2733 .....
922 2667 966 2731 sit
989 2688 1063 2731 cum
1086 2667 1261 2731 securitate
1290 2686 1436 2753 personae
1463 2667 1496 2730 in

447 2771 544 2837 rebus
577 2770 819 2858 aliquantulum
855 2768 1066 2846 damnificari,
1097 2789 1195 2854 quam
1226 2790 1300 2833 cum
1335 2773 1431 2835 terrae
1465 2774 1499 2833 et

446 2874 606 2940 bonorum
629 2873 813 2962 perditione
835 2872 933 2938 totali
960 2894 1017 2960 per
1038 2872 1156 2960 impias
1174 2893 1290 2964 eorum
1308 2887 1426 2938 manus
1441 2872 1498 2958 qui

447 2979 639 3064 sauguinem
661 2982 810 3042 nostrum
832 2977 963 3056 sitiunt,
987 2975 1081 3041 sexui
1099 2981 1158 3040 aut
1189 2977 1284 3042 aetati
1306 2977 1333 3040 si
1357 3000 1375 3041 e
1398 3027 1404 3041 .
1429 3027 1435 3041 .
1459 3028 1465 3042 .
1490 3028 1496 3042 .

446 3132 453 3146 .
478 3133 484 3145 .
507 3133 515 3146 .
537 3079 626 3144 biter
647 3077 823 3166 praevalere
846 3083 1002 3165 potemmt
1022 3077 1156 3144 minime
1171 3079 1337 3166 prucituri,
1360 3078 1498 3144 crudelis

446 3183 561 3249 mortis
583 3203 691 3269 poenae
713 3180 853 3245 liberari.

492 3284 567 3350 Hoc
588 3285 692 3370 igitur
714 3282 909 3348 mandatum
931 3287 1082 3349 nostrum
1105 3305 1163 3370 per
1185 3283 1378 3348 comitatum
1401 3287 1495 3348 tuurn

446 3388 546 3453 facias
567 3386 737 3475 publicari,
760 3391 795 3450 et
827 3385 864 3449 in
896 3385 1001 3450 forma
1033 3385 1191 3473 praedicta
1213 3385 1349 3474 singulis
1372 3385 1495 3451 denun-

446 3490 534 3568 ciari,
565 3495 605 3555 ut
636 3488 721 3555 sicut
751 3493 901 3555 nostrum
935 3492 970 3553 et
1000 3493 1098 3555 terrae
1132 3493 1253 3555 nostrae
1284 3489 1438 3554 honorem
1462 3495 1496 3555 et

446 3592 595 3658 vestras³
617 3591 765 3678 proprias
797 3589 952 3678 diligunt,
975 3597 1009 3656 et
1039 3591 1126 3656 sicut
1157 3613 1249 3656 suam
1283 3589 1495 3656 etheredum

446 3715 580 3760 suorum
612 3693 897 3758 exheredationem
940 3699 1133 3780 perpetuam
1176 3693 1282 3758 vitare
1320 3691 1495 3770 voluerint,

447 3803 572 3886 quanto
594 3795 732 3876 virilius,
766 3793 946 3883 potentius,
969 3801 1002 3860 et
1025 3796 1123 3861 citius
1156 3800 1315 3882 poterunt
1336 3795 1496 3862 festinent

445 3903 489 3967 ad
511 3899 731 3966 defensionem
754 3897 930 3962 maritimae
952 3897 1121 3984 praedictae
1144 3903 1178 3962 et
1200 3897 1346 3984 partium
1364 3950 1495 3965 .....

445 4007 531 4070 sicut
552 4001 747 4090 praedictum
769 4005 837 4065 est:
861 3999 976 4064 scituri
991 3999 1078 4084 quod
1094 3999 1124 4064 si
1146 3999 1293 4085 aliquos⁴
1307 3999 1494 4086 hujusmodi

445 4106 594 4172 mandati
634 4103 740 4170 nostri
782 4105 1023 4188 contemptores
1060 4101 1283 4168 invenerimus
1320 4103 1385 4167 vel·
1411 4103 1495 4167 eirca

445 4210 529 4274 illud
551 4206 755 4295 negligentes
777 4209 812 4268 et
833 4203 994 4280 remissos,
1016 4227 1076 4270 nos
1107 4203 1149 4268 ad
1176 4225 1330 4290 personas
1352 4211 1387 4269 et
1408 4203 1495 4269 bona

446 4333 558 4377 eornm
581 4310 726 4397 graviter
747 4306 921 4392 capiemus,
944 4307 1030 4372 siout
1053 4307 1096 4372 ad
1126 4307 1213 4393 ipsos
1236 4353 1492 4372 .........

499 4509 504 4511 .
527 4497 809 4512 ..μα-..-
993 4500 995 4504 ⁴
1159 4496 1396 4505 .-—---...-....
1408 4499 1453 4504 .-.-
1470 4499 1486 4504 -

481 4615 618 4680 ¹nrnnitia]
637 4613 739 4664 SoMS.
1029 4609 1162 4675 ἰἀιιαε]
1182 4607 1293 4670 Solis,
1305 4609 1458 4675 apparently.

481 4699 491 4726 ²
506 4713 559 4745 eum
576 4733 583 4747 .
603 4733 608 4744 .
626 4733 632 4746 .
649 4691 745 4758 odiar]
772 4689 897 4743 Doubtnl
919 4692 944 4741 in
1029 4693 1037 4720 ⁴
1054 4687 1162 4754 aliquos]
1182 4689 1281 4754 aliquis,
1292 4687 1348 4740 MS.

447 4775 504 4834 lis.
