3609 5800
289 4606 371 4651 lamet
380 4612 411 4660 la,

289 4660 347 4701 1252

290 4722 403 4765 Powerto

289 4773 390 4816 raisetw
391 4784 405 4814 o

290 4823 407 4866 thousand

291 4874 357 4919 mark

449 881 514 948 386
859 893 1039 944 srrsrmx
1062 895 1100 944 ιι.

447 1067 546 1121 suerit
564 1066 748 1137 indiguerint
766 1067 909 1122 auxilium
927 1069 1022 1138 ipsius
1035 1067 1162 1132 comitis,
1181 1065 1260 1122 idem
1272 1083 1371 1121 comes
1388 1064 1438 1121 vel
1452 1063 1506 1118 ille

449 1151 501 1220 qui
518 1151 583 1206 loco
602 1167 654 1204 suo
673 1149 763 1206 stabit
780 1153 811 1206 in
829 1150 986 1208 Wasconia
1003 1151 1089 1207 fidele
1106 1151 1260 1224 praestabit
1277 1150 1419 1205 auxilium
1438 1163 1507 1203 cum

449 1233 625 1289 exercitibus
639 1233 749 1289 domini
765 1235 846 1306 regis
865 1235 903 1290 ad
921 1242 1019 1291 castra
1035 1235 1089 1291 illa
1106 1232 1304 1292 succurrendo
1315 1239 1346 1289 et
1357 1231 1506 1296 salvmsda,

451 1317 613 1374 secundum
631 1317 704 1372 alias
730 1319 937 1375 conventiones
955 1321 1033 1375 inter
1055 1321 1155 1392 ipsum
1180 1319 1331 1374 dominum
1356 1333 1458 1388 regem
1476 1321 1508 1370 et

449 1401 623 1473 predictum
647 1402 783 1458 comitem
809 1404 901 1458 lectas
929 1403 965 1458 de
990 1403 1124 1459 custodia
1149 1409 1237 1459 terroe
1263 1402 1444 1458 Waseoniae:
1464 1398 1508 1454 ita

449 1491 548 1540 tamen
567 1486 646 1557 quod
663 1485 742 1540 idem
760 1485 896 1542 dominus
915 1505 968 1541 rex
986 1492 1133 1543 sustentet
1149 1487 1326 1542 munitiones
1343 1485 1422 1540 inira
1431 1499 1506 1554 proe·

450 1569 529 1624 dicta
546 1575 644 1625 eastra
661 1569 699 1624 ad
718 1575 835 1625 custum
855 1588 951 1636 sunm,
972 1572 1068 1642 prima
1092 1571 1284 1627 conventione
1309 1569 1385 1624 inter
1407 1568 1508 1639 ipsum

449 1652 601 1709 dominum
618 1671 721 1725 regem
740 1660 770 1709 et
787 1653 963 1727 praedictum
981 1655 1118 1710 comitem
1136 1655 1207 1711 olim
1225 1656 1303 1710 lacta
1320 1654 1357 1710 de
1374 1650 1509 1708 custodia

449 1736 612 1794 Wasoonire
629 1743 819 1810 permanente
845 1739 877 1793 in
903 1757 958 1795 suo
980 1740 1085 1795 robore
1103 1740 1135 1794 in
1152 1739 1287 1795 omnibus
1311 1737 1388 1793 aliis.
1423 1735 1464 1790 llt
1481 1734 1508 1790 si

449 1823 524 1878 citra
541 1823 735 1878 Pentecosten
759 1823 891 1894 proximo
910 1824 1044 1878 futurum
1069 1825 1232 1880 satisfaciat
1248 1823 1389 1894 predicto
1407 1819 1508 1876 comiti

450 1907 486 1961 de
507 1907 666 1976 arreragiis
680 1911 710 1962 et
721 1907 768 1962 his
783 1924 849 1979 quae
862 1907 889 1962 ei
903 1906 1088 1963 debebantur
1099 1925 1153 1980 per
1164 1912 1331 1980 compotum
1349 1922 1436 1962 suum
1453 1921 1507 1975 pro

450 1989 583 2045 custodia
601 1989 691 2044 castri
710 1988 746 2044 de
760 1989 859 2045 Gusak
871 1995 902 2045 et
919 1990 984 2062 ejus
998 1991 1157 2056 firmatura,
1171 1992 1251 2046 idem
1268 2007 1366 2047 comes
1378 1994 1507 2044 castrum

450 2073 526 2127 illud
553 2073 695 2128 custodiri
727 2074 816 2129 faciet
839 2092 934 2146 usque
964 2075 1002 2130 ad
1032 2076 1141 2131 festum
1166 2075 1305 2130 Omnium
1333 2074 1507 2130 Sanctorum

450 2158 583 2229 proximo
603 2175 737 2229 sequens,
758 2163 793 2214 ut
819 2163 890 2214 tunc
909 2159 937 2214 ei
963 2159 1126 2215 satisfaciet
1149 2159 1186 2214 de
1209 2159 1257 2214 his
1285 2175 1352 2230 quie
1375 2157 1509 2229 posuerit

450 2260 504 2314 pro
534 2242 669 2298 custodia
697 2247 727 2297 et
758 2243 911 2298 firmatura
941 2244 1075 2314 ejusdem
1100 2243 1190 2298 castri
1223 2261 1241 2298 a
1264 2242 1406 2314 praedicto
1432 2242 1509 2295 leste

450 2326 633 2382 Pentecostis
652 2344 748 2396 usque
774 2327 811 2380 ad
835 2327 1011 2398 pradictum
1037 2329 1147 2384 festum
1165 2326 1303 2382 Omnium
1323 2327 1506 2382 Sanctorum.

451 2409 490 2465 Et
509 2411 535 2464 si
552 2411 628 2465 citra
644 2409 821 2481 praedictum
839 2411 949 2466 festum
961 2412 1144 2468 Pentecostis
1162 2430 1220 2466 non
1234 2411 1357 2466 solverit
1373 2409 1508 2465 (lominus

451 2511 503 2550 rex
521 2493 618 2549 eidem
636 2494 736 2549 comiti
755 2499 871 2549 castum
892 2495 971 2567 quod
997 2496 1164 2567 posuerit
1154 2515 1187 2550 m
1204 2494 1339 2551 custodia
1364 2499 1395 2549 et
1412 2494 1506 2547 firma
1584 2511 1588 2519 ·

450 2583 519 2635 tura
530 2577 664 2659 praedieti
677 2578 776 2642 castri,
791 2577 870 2633 idem
889 2579 1025 2634 dominus
1037 2598 1090 2636 rex
1106 2580 1200 2650 recipi
1191 2579 1327 2634 '‘faelet
1317 2596 1350 2632 ιιι
1366 2577 1509 2649 praedicto

451 2661 527 2716 festo
556 2645 740 2717 Pentecostis
777 2660 953 2732 pradictum
985 2669 1117 2718 castrum
1153 2680 1221 2718 cum
1256 2662 1323 2718 aliis
1358 2661 1508 2732 praedictis

452 2745 567 2801 castris.
604 2744 710 2800 Dictus
730 2745 818 2801 etiam
834 2763 932 2801 comes
950 2746 1089 2802 liberabit
1106 2747 1222 2802 domino
1240 2747 1306 2817 regi
1324 2751 1452 2802 castrum
1472 2744 1508 2798 de

452 2829 565 2902 Burgo,
585 2827 656 2884 dum
673 2835 772 2884 tamon
797 2828 852 2884 hoc
870 2830 1010 2903 procedat
1028 2830 1064 2886 de
1092 2832 1214 2904 speciali
1234 2829 1369 2885 mandato
1386 2826 1509 2884 Ernaldi

452 2913 489 2969 do
515 2914 724 2979 Bladnkeford,
745 2913 809 2970 sine
834 2933 893 2985 quo
918 2916 974 2971 boc
992 2916 1089 2972 facere
1113 2935 1172 2972 non
1195 2916 1314 2987 poterit.
1351 2912 1510 2970 Laborabit

451 3004 550 3054 tamen
567 2998 644 3053 bona
662 2998 718 3052 lide
738 2998 816 3069 quod
844 2998 980 3055 dominns
1008 3018 1059 3055 rex
1085 3007 1216 3057 castrum
1240 3000 1316 3056 illud
1339 2999 1447 3055 habeat
1471 2996 1509 3052 ad

452 3082 626 3137 rationabile
645 3082 835 3148 escambium,
856 3084 882 3139 si
900 3084 978 3138 illud
1002 3084 1112 3139 habere
1136 3085 1254 3155 poterit.
1292 3084 1333 3139 Et
1356 3084 1382 3138 si
1407 3098 1507 3137 omnes

452 3166 587 3237 praedicti
607 3166 765 3221 dictatores
791 3166 840 3221 vel
859 3166 967 3238 aliquis
993 3168 1126 3239 ipsorum
1145 3175 1212 3224 ante
1231 3168 1309 3223 diem
1335 3184 1393 3238 quo
1410 3164 1508 3220 dicere

452 3248 561 3305 debent
578 3250 692 3304 dictum
710 3267 796 3305 suum
814 3250 846 3305 in
864 3252 925 3306 fata
943 3252 1150 3316 concesserint,
1171 3252 1218 3307 vel
1236 3252 1269 3306 in
1283 3250 1365 3322 justo
1385 3248 1508 3321 impedi·

453 3338 551 3389 mento
570 3332 756 3389 detineantur
770 3334 926 3405 quominus
944 3334 983 3390 ad
994 3334 1080 3391 illum
1092 3335 1171 3390 diem
1188 3336 1331 3391 interesse
1348 3333 1507 3405 potuerint,

452 3417 517 3473 loco
548 3416 752 3473 decedentium
781 3417 830 3474 vel
860 3418 961 3473 taliter
998 3419 1162 3475 absentium
1193 3420 1389 3491 subrogentur
1415 3417 1509 3487 aliqui

454 3501 697 3572 subscriptorum,
727 3500 876 3566 videlicet,
903 3504 969 3558 loco
986 3502 1122 3574 praedicti
1146 3503 1275 3575 episcopi
1292 3502 1507 3572 wigornensis,

454 3587 609 3657 episcopus
628 3586 841 3651 Bathonensis;
861 3586 926 3641 loco
952 3585 1086 3657 praedicti
1109 3586 1262 3650 Willelmi,
1288 3585 1324 3640 R.
1352 3584 1389 3639 de
1410 3585 1506 3650 Olare,

454 3686 552 3725 comes
566 3668 759 3723 Glouoestriae
773 3676 803 3724 et
815 3670 1014 3735 Hertfordiae;
1029 3670 1092 3725 loco
1104 3670 1239 3742 praedicti
1251 3670 1285 3724 P.
1300 3670 1337 3724 de
1351 3668 1506 3733 Sabaudia,

454 3752 490 3807 R.
505 3752 612 3825 Bigod‚
626 3770 723 3807 eomes
742 3752 923 3808 Norfolohiae
942 3759 972 3808 et
989 3754 1182 3810 Maresoallus
1200 3754 1334 3825 Angliae3
1353 3753 1417 3809 loco
1435 3770 1509 3824 pras·

455 3836 527 3893 dicti
546 3836 565 3890 J
567 3837 699 3901 ohannis,
720 3837 808 3892 abbas
827 3836 1098 3904 Westmonastemi3
1118 3838 1183 3894 loco
1200 3836 1334 3910 praedioti
1351 3837 1386 3891 P.
1402 3836 1510 3893 Ghaoe·

455 3922 538 3995 pork,
558 3920 699 3975 Artaldus
724 3920 760 3975 de
781 3918 887 3977 Sancto
907 3922 1047 3978 Romano.
1085 3922 1123 3977 In
1140 3922 1225 3993 cujus
1243 3923 1288 3976 rei
1308 3922 1509 3977 testimonium

455 4004 524 4059 huie
542 4004 652 4075 scripto
677 4010 738 4059 tam
763 4002 843 4058 idem
868 4004 1004 4060 dominus
1029 4022 1082 4060 rex
1110 4023 1199 4077 quam
1225 4004 1384 4077 praedictus
1412 4022 1509 4060 comes

457 4088 557 4159 sigilla
593 4107 646 4143 sua
682 4088 849 4143 alternatim
884 4094 1093 4161 apposuerunt.
1142 4090 1183 4145 Et
1224 4088 1380 4145 mudantur
1416 4089 1509 4145 literae

456 4172 616 4245 originales
634 4172 721 4228 istius
740 4172 834 4229 literae
852 4172 942 4229 Petro
960 4173 1141 4246 Ohacepork.

922 4353 980 4410 No.
1004 4356 1050 4411 16.

735 4480 808 4542 (Boi.
820 4480 877 4531 Pat.
889 4486 922 4530 36
934 4481 1001 4531 Heu.
1013 4481 1075 4543 111,
1085 4482 1177 4533 memb.
1191 4482 1244 4545 10.)

493 4584 557 4639 Rex
575 4583 788 4649 omnibus,etc
791 4585 964 4649 ,.salutem

494 4668 600 4723 Sciatis
621 4668 699 4739 quod
718 4670 915 4724 concessimus
934 4668 1041 4725 dilecto
1059 4676 1091 4725 et
1107 4668 1188 4725 fideli
1211 4674 1312 4724 nosne
1335 4666 1449 4723 Simoni
1472 4667 1510 4722 de

457 4752 556 4806 Monte
578 4752 671 4815 Forti,
695 4753 795 4808 comiti
814 4752 993 4819 leicestria,
1014 4754 1092 4825 quod
1110 4772 1128 4809 a
1145 4752 1328 4809 debitoribus
1344 4753 1453 4808 nocuis
1477 4754 1509 4808 in

457 4836 590 4911 partibus
616 4836 821 4893 transmarinis
849 4838 990 4909 colligere
1020 4838 1115 4910 possit
1139 4844 1170 4894 et
1195 4839 1328 4909 accipere
1351 4854 1446 4908 usque
1471 4836 1509 4892 ad
