3609 5800
420 919 670 970 rmusrmrrvs
693 919 736 968 or
757 919 828 969 rar
851 919 958 969 omos
981 919 1025 966 or
1048 919 1168 968 aruer
1192 918 1242 968 111.
1291 905 1354 968 193

305 1097 463 1175 misimus,
486 1105 520 1163 et
552 1097 626 1163 aliis
655 1096 789 1163 ballivis
820 1119 879 1184 per
907 1119 968 1163 nos
1002 1096 1119 1184 positis
1147 1096 1356 1162 intendentes

304 1199 386 1276 sitis,
410 1201 523 1266 inhia
553 1222 629 1286 qum
658 1201 829 1288 pertinent
861 1199 904 1264 ad
938 1199 1077 1265 ballivus
1110 1199 1292 1286 praedictis,
1322 1201 1357 1261 et

304 1302 426 1368 eisdem
448 1325 509 1392 pro
522 1303 649 1369 viribus
673 1303 791 1368 vestris
813 1303 957 1368 fideliter
979 1301 1200 1383 auxiliantes3
1227 1302 1276 1366 ito
1298 1321 1358 1364 vos

304 1397 477 1471 habentes
498 1407 534 1471 in
563 1405 624 1472 heo
659 1411 756 1492 parte
790 1405 879 1491 quod
913 1403 1008 1472 vobis
1037 1407 1072 1470 et
1105 1403 1224 1488 vestris
1248 1402 1283 1467 in
1305 1401 1357 1467 his

306 1529 379 1593 quse
404 1509 524 1575 vestris
545 1508 726 1575 honoribus
748 1514 783 1574 et
808 1507 1012 1574 utilitatibus
1041 1505 1257 1574 convenerint
1286 1527 1357 1592 per-

305 1610 414 1695 petuis
435 1611 640 1699 temporibus
661 1610 781 1676 fortius
802 1611 1033 1696 astringamur.
1108 1607 1112 1618 ’

350 1711 449 1779 Teste
476 1736 551 1802 rege
581 1715 669 1801 apud
699 1713 831 1778 liin-im
864 1711 1054 1794 londoniae,
1085 1713 1211 1780 decimo
1241 1717 1357 1778 octavo

307 1813 361 1879 die
383 1815 543 1881 Octobris.

351 1917 562 1984 consimilem
587 1919 720 1985 literam
743 1919 845 1986 habet
866 1919 1012 1985 Jaoobus
1037 1919 1078 1984 de
1100 1917 1291 2003 Alditheleg
1317 1917 1357 1982 de

308 2019 519 2087 eomitatibus
548 2021 737 2088 Staffordiae
768 2027 803 2087 et
828 2021 982 2109 Salopiae,
1012 2026 1047 2086 et
1069 2019 1243 2108 Philippus
1272 2020 1359 2084 Mur-

307 2143 387 2207 myn
409 2123 450 2189 de
473 2123 684 2190 eomitatibus
707 2123 908 2191 Norfolohiae
930 2129 965 2190 et
987 2123 1169 2190 Suffochiae.

351 2225 562 2292 Oonsimilem
588 2226 718 2292 literam
747 2225 849 2292 habet
872 2225 923 2292 W.
947 2225 978 2292 le
1008 2225 1096 2291 Such
1128 2226 1168 2291 de
1198 2226 1357 2291 eomitetu

306 2326 439 2405 Surrioe,
455 2333 489 2394 et
511 2328 681 2394 Jobannes
699 2329 741 2394 (le
764 2328 881 2394 Boillol
906 2329 947 2394 de
969 2327 1181 2394 comitatibus
1197 2327 1357 2414 Notting-

307 2429 425 2495 hamiae
447 2437 482 2496 et
505 2430 664 2497 Derbeiae.

240 2513 251 2544 ⁸
352 2531 564 2598 Consimilem
598 2533 728 2599 literam
757 2533 858 2599 habet
892 2532 1065 2620 Philippus
1095 2533 1212 2598 Basset
1237 2533 1274 2597 in
1305 2554 1356 2597 oo-

306 2632 484 2699 mitatibus
519 2634 728 2700 Somersetiae
760 2639 795 2700 et
832 2634 995 2701 Dorsetiae
1029 2657 1088 2723 per
1118 2657 1160 2712 se,
1191 2641 1226 2700 et
1258 2635 1356 2699 elium

308 2734 439 2800 literam
461 2737 498 2800 in
521 2736 735 2803 eomitatibus
757 2737 898 2802 Oxoniae
922 2742 956 2802 et
980 2735 1169 2804 Berkesirro.

351 2837 564 2903 Consimilem
586 2837 716 2905 literam
739 2839 841 2907 habet
862 2837 991 2905 Alanus
1013 2839 1047 2906 la
1069 2840 1176 2907 Zaobe
1199 2841 1235 2906 in
1258 2840 1356 2906 comi-

307 2946 382 3005 tatu
406 2941 703 3029 Northamptoniae.

744 3354 905 3421 DLVIII.

352 3492 525 3569 Rmnlan,
550 3492 647 3559 Kmo
669 3508 714 3557 or
735 3510 805 3558 ras
827 3493 984 3571 Rome,
1008 3510 1050 3559 ro
1076 3492 1204 3561 Hsunr
1229 3495 1294 3561 ΙΙΙ.

647 3634 743 3699 (Royal
753 3634 859 3695 Iaetters,
870 3634 920 3686 No.
939 3637 1008 3701 12⁴.)

351 3752 479 3819 illustri
510 3760 545 3820 et
576 3754 750 3841 magnilioo
781 3754 922 3842 principi
957 3756 1090 3820 domino
1115 3756 1268 3835 Henrioo,
1292 3758 1355 3821 Dei
1368 3774 1477 3836 neuen

305 3855 414 3941 gratia
444 3856 514 3943 regi
536 3855 678 3944 Anglise,
702 3857 835 3923 domino
870 3856 1064 3943 Hyberniae,
1088 3863 1122 3924 et
1153 3860 1229 3923 duoi
1252 3859 1355 3943 Aqui·
1370 3843 1450 3895 ¹²⁶¹·¹

306 3957 415 4035 tenire,
439 3979 596 4045 germano
626 3980 685 4024 suo
707 3959 883 4038 oarissirno,
907 3958 1075 4037 Ricardus,
1109 3960 1224 4025 eadem
1247 3961 1355 4046 gratia

307 4059 530 4127 Romanorum
551 4082 620 4140 rex,
643 4083 771 4148 semper
792 4062 975 4149 Augustus,
1007 4082 1081 4127 oum
1104 4062 1232 4129 intimus
1255 4062 1352 4128 dilec-

307 4163 410 4229 tionis
431 4164 562 4242 affeetu,
584 4163 734 4231 salutem.

351 4266 457 4354 Super
478 4266 589 4332 omnia
610 4271 743 4333 sautum
775 4272 810 4333 et
841 4266 1021 4354 expediens
1043 4268 1244 4333 arbitramur
1265 4268 1353 4354 quod
1367 4276 1497 4355 Itourro-

308 4374 385 4433 ante
406 4368 495 4435 diem
517 4390 582 4455 quo
604 4368 654 4434 illi
670 4370 711 4435 de
728 4370 957 4437 ultramarinis
972 4370 1123 4457 pertibus
1138 4377 1218 4436 sunt
1233 4372 1353 4451 vocati,
1367 4358 1479 4461 fflfi?

307 4471 522 4557 experiamini
545 4471 720 4559 diligenter
742 4473 770 4537 si
804 4478 919 4560 patent
952 4474 999 4539 eis
1030 4472 1114 4539 liber
1143 4472 1299 4539 introitus
1322 4478 1510 4539 etslloweuto

308 4681 420 4689 ——..--·
433 4684 459 4689 --
815 4684 845 4692 η.
857 4686 974 4692 .....—-.—-
1012 4686 1083 4692 --.-.-
1094 4688 1114 4691 .-.
1200 4688 1207 4693 .
1225 4688 1232 4693 .
1243 4688 1258 4693 -
1286 4688 1348 4695 -...

650 4823 656 4851 ¹
675 4822 723 4871 See
732 4820 775 4872 the
786 4829 844 4871 note
854 4830 881 4873 to
891 4822 964 4875 letter
975 4822 1030 4873 DL.

439 4914 514 4963 VOL.
539 4916 574 4965 11.
1185 4920 1208 4968 N
