3609 5800
445 868 511 952 140
594 902 708 952 aaran
730 900 803 950 mn
826 900 943 952 orans
965 897 1170 952 ursromcln
1193 896 1342 950 Lamnas

441 1077 514 1142 fieri
547 1077 691 1164 petebat,
724 1078 868 1160 volebat,
892 1101 950 1166 per
983 1077 1096 1144 literas
1128 1082 1262 1154 vestras,
1299 1075 1339 1140 de
1373 1073 1494 1160 quibus

442 1181 584 1246 multum
617 1181 729 1246 mi1ati
760 1203 882 1261 sumus,
916 1185 1031 1247 contra
1063 1204 1124 1246 nos
1161 1183 1196 1246 et
1226 1185 1330 1246 terras
1364 1182 1495 1243 nostras

440 1284 788 1349 excommunicationis
810 1289 844 1348 et
875 1283 1044 1350 interdicti
1074 1283 1256 1349 sententias
1278 1280 1493 1368 promulgare,

440 1405 508 1449 non
539 1385 719 1451 somnidans
750 1386 896 1472 pericula
927 1408 1000 1472 quae
1032 1385 1096 1450 sibi
1127 1387 1281 1471 poterant
1312 1383 1493 1460 imminere,

440 1507 500 1552 nec
536 1487 712 1554 advertens
749 1488 904 1554 scandala
935 1511 1009 1574 quae
1043 1487 1105 1553 hac
1138 1487 1179 1553 de
1217 1508 1315 1552 causa
1347 1485 1383 1550 in
1421 1488 1493 1549 toto

441 1610 542 1676 regno
575 1595 697 1669 nostro,
720 1595 792 1656 tam
824 1591 862 1654 in
895 1588 1017 1677 populo
1050 1611 1150 1675 quam
1182 1589 1218 1653 in
1242 1588 1336 1668 clerc,
1359 1589 1493 1672 possent

440 1691 600 1758 suscitari.
647 1692 713 1758 Sed
739 1715 780 1759 ne
812 1699 1012 1758 memoratus
1046 1693 1150 1758 frater
1180 1691 1307 1778 aliquid
1328 1691 1362 1754 in
1387 1687 1493 1754 nostm'

439 1816 497 1860 eeu
531 1795 625 1882 regni
659 1796 765 1861 nostri
799 1795 1029 1883 praejudicium
1056 1799 1248 1876 attentaret,
1281 1793 1324 1858 ad
1358 1791 1494 1858 audien·

440 1897 523 1961 tiam
537 1904 682 1963 vestram
698 1920 759 1962 nos
780 1905 816 1963 et
837 1899 964 1964 dictum
987 1897 1162 1964 consilium
1177 1901 1328 1963 nostrum
1351 1893 1494 1982 appella·

439 1999 558 2079 vimus,
597 2005 632 2064 et
669 2000 731 2065 sub
768 2001 970 2087 protectione
1007 2005 1119 2066 vestra
1155 1999 1323 2086 posuimus
1360 2019 1421 2063 nos
1458 2001 1494 2061 et

439 2107 563 2166 terram
596 2101 753 2183 nostram,
791 2104 996 2190 assignantes
1026 2104 1179 2180 rationes,
1209 2101 1426 2188 exceptiones,
1458 2107 1493 2166 et

439 2227 552 2269 causas
574 2205 772 2270 sufficientes
794 2213 829 2272 et
862 2206 1028 2292 legitimas
1058 2211 1173 2271 contra
1202 2204 1329 2271 dictum
1351 2203 1493 2269 Adama-

439 2329 512 2372 rum
535 2313 570 2372 et
592 2307 706 2373 literas
728 2307 933 2394 apostolicas,
959 2309 1080 2395 quibus
1103 2313 1217 2374 contra
1238 2329 1299 2373 nos
1314 2305 1366 2372 vel
1389 2313 1493 2372 terrm

439 2413 569 2474 nostras
591 2432 650 2497 per
679 2411 755 2476 illas
788 2432 856 2476 non
893 2411 1017 2497 poterit
1053 2411 1226 2498 procedere
1256 2431 1316 2475 nec
1353 2409 1472 2475 debeat
1484 2433 1493 2489 ;

439 2514 583 2578 maxime
614 2535 689 2578 cum
711 2513 895 2579 voluntatis
918 2519 1047 2592 vestrae,
1074 2534 1149 2599 quae
1180 2535 1308 2600 semper
1331 2509 1493 2580 'ordinata

439 2615 538 2681 debet
569 2637 646 2693 esse,
671 2616 758 2682 sicut
789 2616 960 2696 credimus,
992 2638 1060 2681 non
1093 2621 1166 2682 erat
1197 2621 1237 2682 ut
1269 2616 1358 2681 idem
1389 2615 1492 2681 frater·

438 2740 497 2804 per
533 2720 731 2786 sententiam
769 2741 863 2786 susm
909 2718 1116 2806 compelleret
1154 2719 1197 2783 ad
1242 2718 1491 2806 infringendum

436 2821 524 2906 leges
569 2827 603 2886 et
647 2823 899 2888 consuetudines
942 2824 1038 2911 regni
1074 2822 1199 2903 nostri3
1238 2821 1383 2886 maxime
1414 2843 1490 2886 cum

435 2925 578 3010 aliquem
612 2927 769 2992 nuntium
800 2950 894 3015 papae
917 2927 970 2993 vel
992 2932 1200 2993 executorem
1223 2946 1291 2990 uno
1315 2925 1488 2991 abeodem

437 3032 584 3114 tempme
615 3050 747 3118 monere
779 3033 815 3095 et
848 3030 1130 3096 excommunicare
1159 3028 1216 3114 jus
1247 3033 1283 3093 et
1312 3026 1399 3093 ratio
1423 3050 1491 3093 non

437 3130 640 3216 pemittant.
1412 3121 1414 3123 ¹

483 3232 609 3298 Idcirco
642 3233 686 3297 ad
715 3235 924 3320 praesentiam
954 3240 1099 3301 vestram
1126 3232 1261 3299 nuntios
1283 3239 1318 3300 et
1340 3255 1492 3321 procura·

437 3341 524 3401 tores
558 3340 687 3400 nostros
718 3358 792 3402 cum
825 3336 971 3423 praefatis
1008 3337 1286 3425 appellationibus
1317 3343 1352 3402 et
1375 3360 1490 3425 excep-

435 3437 583 3501 tionibus
598 3442 632 3502 et
646 3438 831 3505 rationibus
845 3440 882 3504 in
896 3442 1047 3527 proximo
1061 3440 1329 3507 transmittemus
1362 3441 1490 3521 Quibus

436 3540 561 3605 auditis
575 3562 751 3627 speramus,
775 3548 810 3608 et
832 3542 872 3607 de
894 3543 1102 3630 benignitate
1125 3549 1237 3608 vestra
1259 3549 1293 3608 et
1315 3544 1491 3609 sanctitate

437 3642 641 3719 confidimus,
663 3644 752 3730 quod
774 3666 835 3710 nos
856 3668 925 3712 non
955 3645 1152 3733 reputabitis
1174 3644 1408 3723 inobedientes,
1431 3646 1489 3712 sed

436 3743 601 3809 habebitis
623 3747 734 3831 potius
756 3752 933 3814 excruatos.

481 3847 579 3912 Teste
612 3868 688 3935 rege
722 3850 811 3936 apud
845 3849 1066 3931 wintoniam,
1104 3850 1262 3917 vicesimo
1301 3850 1403 3917 tertio
1438 3852 1491 3918 die

437 3950 648 4037 Septembris
