3609 5800
428 852 469 916 16
571 862 687 915 noran
709 861 783 915 san
808 864 924 917 onnus
947 864 1155 918 ursmarum
1178 868 1335 920 unrrnns

258 1066 395 1130 attempted
425 1047 573 1109 nostram
586 1043 838 1121 interficiendos,
854 1046 889 1110 ot
906 1042 965 1130 qui
987 1048 1177 1132 conceptam
1199 1045 1362 1112 malitiam
1386 1068 1480 1113 suam

257 1131 642 1263 ffifflffladimplesset
674 1146 739 1211 nisi
776 1168 835 1233 per
871 1146 1057 1233 captionem
1094 1146 1250 1233 ejusdem,
1283 1150 1343 1234 qui
1375 1149 1480 1215 scelus

258 1264 301 1314 the
312 1280 400 1331 queen.
425 1270 520 1314 suum
549 1248 679 1335 publico
702 1248 865 1315 confessus
888 1254 948 1325 est,
970 1270 1030 1313 nos
1052 1249 1227 1317 clementia
1253 1250 1369 1317 divina
1399 1252 1480 1318 liba

424 1356 535 1427 rasset,
558 1351 652 1417 vobis
675 1350 880 1430 mandamus,
912 1351 1052 1416 firmiter
1073 1351 1286 1445 injungentes
1308 1357 1479 1439 quatemus,

424 1452 510 1519 sicut
531 1474 590 1518 vos
612 1454 699 1539 ipsos
721 1452 869 1540 diligitis,
893 1453 1071 1539 diligenter
1103 1454 1269 1541 explorari
1298 1453 1428 1521 faciatis
1450 1457 1479 1521 si

423 1555 512 1621 idem
529 1554 713 1621 Willelmus
735 1555 789 1621 vel
812 1555 934 1642 aliquis
956 1576 999 1620 ex
1013 1556 1226 1643 complicibus
1247 1556 1317 1623 suis
1339 1578 1398 1644 per
1419 1579 1480 1625 vos

423 1657 602 1725 transitum
624 1656 744 1736 fecerit,
767 1658 822 1725 vcl
852 1658 895 1723 ad
929 1659 1222 1740 transfretandum,
1244 1659 1299 1724 vel
1321 1660 1364 1724 ad
1387 1661 1479 1727 uliud

423 1760 644 1847 quaerendum
691 1760 737 1827 Et
779 1761 808 1826 si
852 1759 1024 1848 contingat
1060 1762 1148 1849 ipsos
1185 1762 1266 1827 illuc
1302 1762 1480 1849 aliquando

423 1864 545 1943 venire,
568 1864 656 1949 ipsos
680 1862 817 1950 capiatis
841 1868 875 1929 at
907 1864 1071 1930 artissime
1093 1864 1296 1943 custodiatis,
1319 1863 1423 1932 donoc
1443 1866 1480 1932 id

424 1965 518 2032 nobis
555 1965 849 2052 significaveritis3
887 1966 1005 2031 scituri
1036 1965 1264 2033 indubitanter
1296 1968 1384 2054 quod
1422 1990 1481 2056 per

423 2068 716 2155 transgressionem
754 2067 900 2154 aliquam
937 2088 999 2134 nos
1034 2069 1171 2155 gravius
1208 2067 1374 2135 offendere
1410 2091 1479 2136 non

423 2170 570 2257 possetis,
593 2174 849 2258 propterquam
871 2192 933 2236 nos
955 2170 1089 2257 gravius
1111 2170 1155 2236 ad
1177 2192 1236 2236 vos
1258 2192 1326 2237 non
1349 2192 1479 2259 capere-

424 2295 506 2350 mus,
521 2295 621 2359 quam
643 2272 672 2338 si
694 2274 730 2338 in
752 2278 852 2360 portu
874 2277 986 2339 vestro
1001 2273 1172 2339 venientes
1194 2294 1263 2338 non
1278 2281 1479 2361 caperentur,

423 2381 483 2443 aut
506 2376 617 2462 aliquo
651 2374 748 2441 modo
781 2374 906 2441 ibidem
940 2373 1204 2453 transfretarent,
1227 2380 1287 2441 aut
1317 2380 1478 2462 tauquam

423 2479 547 2544 ibidem
596 2500 655 2565 por
699 2498 758 2543 vos
803 2479 962 2565 receptati
1006 2478 1084 2543 inde
1129 2477 1201 2544 sine
1241 2478 1479 2566 impedimento

422 2581 617 2649 recederent.
679 2581 775 2647 Tasta
819 2601 894 2666 roge
940 2582 1029 2669 apud
1070 2579 1188 2668 Bruge,
1224 2582 1379 2648 vicesimo
1424 2582 1479 2648 dic

423 2682 636 2771 Septembris.

469 2785 594 2850 Eodem
622 2783 718 2849 modo
748 2784 906 2849 scribitur
936 2784 1010 2850 aliis
1042 2784 1221 2849 baronibus
1252 2791 1417 2870 portuum,
1441 2790 1477 2851 st

423 2886 556 2953 ballivis
605 2885 777 2963 Shorham,
823 2885 1083 2972 Subamptoniae,
1122 2885 1309 2965 Bristolliae,
1348 2886 1478 2954 Partes-

423 2989 570 3067 mutbiae,
592 2988 703 3076 probis
726 2987 915 3054 hominibus
937 2993 973 3054 ct
993 2987 1127 3054 ballivis
1151 2986 1296 3055 Ccstriae.

837 3425 1075 3494 ccccxxvl.

462 3585 592 3650 Hsusr
616 3583 682 3650 III.
705 3600 748 3648 ro
771 3582 897 3649 Dnooo
921 3599 969 3648 nn
991 3583 1172 3648 Bassaris
1195 3598 1269 3648 sua
1293 3602 1436 3652 orusns

622 3737 693 3800 (not.
706 3736 790 3788 Claus.
804 3740 834 3786 24
849 3735 915 3786 Heu.
928 3735 985 3797 111..
995 3737 1085 3786 memb
1099 3741 1129 3785 19
1141 3734 1168 3784 in
1179 3737 1276 3801 dorso.)

254 3889 317 3940 Dec.
330 3894 353 3951 s,
470 3871 544 3935 Rex
576 3866 725 3954 Drogoni
756 3867 797 3932 dc
829 3865 991 3931 Barentin
1024 3871 1059 3931 et
1093 3865 1260 3932 Willclmo
1284 3866 1411 3934 Hardel
1441 3876 1505 3937 ct.

256 3961 328 4007 ¹²³⁹·
423 3973 497 4040 aliis
528 3968 791 4058 procuratoribus
825 3967 893 4033 suis
927 3968 963 4031 in
994 3967 1084 4032 curia
1107 3966 1258 4034 Romana
1291 3972 1475 4056 agentibus,

423 4075 570 4144 salutem.

255 4192 382 4242 Docilia
468 4177 554 4244 Cum
577 4175 619 4241 ad
651 4172 858 4240 commodum
892 4177 927 4238 ct
958 4171 1140 4239 utilitatem
1173 4173 1284 4239 dilecti
1318 4177 1476 4242 avunculi

254 4272 457 4376 {ffiglffiet
478 4277 584 4344 fidelis
614 4275 721 4342 nostri
743 4273 877 4340 'I'lromae
900 4273 1030 4340 comitis
1052 4274 1312 4341 Flandriaetom
1334 4299 1394 4363 por
1415 4300 1475 4344 nos

256 4341 374 4441 rhetia
422 4403 520 4468 quam
544 4400 602 4466 par
632 4380 762 4444 nostros
793 4375 942 4440 laborare
975 4375 1195 4462 disponamus,
1217 4378 1313 4444 vobis
1335 4401 1475 4464 prasen-

254 4459 411 4576 ffiffffl
423 4483 508 4549 tium
532 4487 646 4546 tenore
669 4475 881 4565 injungimus,
905 4478 1101 4544 mandantes
1122 4479 1271 4546 districte
1294 4481 1383 4564 quod
1404 4481 1475 4566 ejus

255 4591 385 4642 Fundere.
423 4581 688 4672 procuratoribus
709 4579 752 4645 ad
775 4579 898 4645 curiam
931 4580 1162 4646 accedentibus
1191 4580 1228 4645 in
1259 4580 1311 4646 his
1334 4604 1408 4666 quae
1431 4584 1475 4649 ad

422 4689 529 4771 ipsum
567 4683 720 4750 comitam
760 4683 925 4770 pertinere
968 4682 1172 4748 videbuntur
1216 4683 1300 4748 totis
1346 4685 1474 4750 viribus

423 4787 591 4862 assistatis,
607 4791 641 4852 et
663 4785 732 4871 ejus
754 4784 889 4870 nogotia
910 4789 1073 4872 quatenus
1094 4806 1153 4871 per
1175 4806 1234 4849 uos
1255 4783 1327 4849 fieri
1350 4789 1474 4876 poterit
