3609 5800
428 904 673 956 rntusrlmrrvn
696 904 740 954 OF
763 906 833 955 THE
855 906 963 954 nmen
986 906 1030 954 ΟΕ
1054 906 1174 955 HENRY
1197 905 1247 955 ΙΙΙ.
1321 889 1365 960 37

312 1077 349 1143 in
373 1079 542 1166 quindena
566 1078 698 1145 Peschae
724 1078 815 1145 dioto
838 1080 917 1159 loco,
948 1078 1072 1145 scilicet
1098 1078 1244 1158 Dovorii‚
1273 1079 1365 1145 inve·

314 1180 444 1246 niamus
466 1180 604 1247 eosdem.
650 1180 768 1247 Volent
791 1204 931 1270 persons
952 1186 1074 1260 vestre,
1087 1186 1124 1247 et
1143 1182 1247 1247 honor
1260 1182 1362 1248 vestri

312 1283 466 1348 culminis
491 1287 644 1370 optatum
676 1284 834 1371 suscipiet
864 1306 923 1371 per
952 1284 1051 1371 longe
1080 1289 1229 1371 tempora
1257 1286 1361 1350 incre·

313 1390 469 1451 mentum
552 1385 680 1451 Datum
729 1386 902 1474 Bcll[ioae]‚
951 1388 1093 1455 secunde
1151 1385 1233 1453 feria
1286 1394 1362 1475 post

315 1487 521 1554 Dominicsm
544 1489 586 1553 de
608 1488 772 1555 Pessionc.
1350 1500 1355 1514 '

355 1591 500 1658 Domino
523 1593 593 1679 regi
617 1591 756 1679 Angliae.

852 1804 980 1813 ...η-

720 1960 941 2029 OCOOXLII.

565 2110 694 2175 Hnusr
718 2107 783 2173 ΙΙΙ.
807 2124 851 2174 ro
874 2160 1092 2175 .....
1096 2106 1104 2143 ¹

626 2238 751 2301 (Chapter
760 2236 847 2289 nouae
858 2236 1045 2302 Miscellanen.)

354 2352 524 2429 Henricus,
539 2352 604 2417 Dei
630 2350 738 2439 grstia
762 2373 820 2417 rex
841 2350 981 2439 Angliae,
1002 2350 1156 2416 dominus
1180 2351 1359 2429 ffiberniae,
1372 2366 1477 2430 tunes,

308 2456 378 2520 dux
404 2456 626 2534 Normanniae,
652 2456 877 2543 Aquitsnniae,
905 2461 940 2521 et
964 2476 1071 2522 comes
1093 2456 1288 2543 Andgaviae,
1312 2457 1360 2522 di-

309 2558 406 2623 lectio
429 2563 465 2623 et
485 2558 577 2623 fideli
599 2580 658 2624 suo
681 2608 842 2624 ......
866 2557 1015 2623 sulutem.

355 2660 476 2726 Sciatis
505 2661 594 2747 quod
620 2682 695 2725 cum
719 2681 779 2726 rex
804 2660 923 2725 Scotiae
947 2681 1008 2725 nos
1038 2660 1237 2741 offendisset,
1264 2664 1299 2725 et
1328 2660 1420 2727 eiWe
1436 2664 1501 2715 have

308 2763 457 2829 daremus
480 2763 514 2828 in
540 2762 707 2829 mandetis
733 2761 821 2849 quod
846 2784 996 2828 excessus
1022 2784 1097 2828 suos
1122 2762 1217 2827 nobis
1238 2762 1360 2829 faceret
1371 2733 1531 2862 fflffifgf

1373 2436 1445 2485 1244.

307 2867 481 2944 emendari,
513 2866 554 2934 do
585 2866 706 2954 quibus
733 2866 889 2932 emendos
920 2864 1154 2932 insufficientes
1185 2870 1219 2932 et
1248 2864 1360 2932 minus
1374 2864 1495 2916 §coemo

306 2969 512 3036 honorabiles
526 2969 623 3034 nobis
638 2968 774 3049 obtulit,
790 2990 849 3034 nos
872 2968 914 3033 de
934 2969 1101 3034 communi
1116 2968 1253 3034 consilio
1267 2969 1360 3055 regni
1372 2938 1399 3048 ἕξ
1413 2947 1508 3049 :iim

306 3073 411 3136 nostri
425 3073 462 3136 in
481 3071 614 3160 proprie
638 3093 777 3158 persons
798 3075 914 3137 nostro
935 3072 1163 3158 proposuimus
1183 3092 1252 3136 esse
1270 3071 1360 3157 apud
1372 3073 1516 3182 femin,

306 3173 439 3240 Novum
449 3173 604 3240 Oestrum
615 3195 714 3261 super
726 3173 855 3260 Tynsm
870 3173 907 3237 in
917 3171 1001 3239 festo
1014 3171 1046 3238 S.
1057 3173 1148 3237 Petri
1155 3173 1199 3237 ad
1210 3172 1359 3251 Vincula,
1372 3147 1516 3266 offy'ssef

305 3295 381 3342 eum
395 3280 468 3342 toto
489 3297 582 3364 posse
607 3281 720 3341 nostro
737 3275 877 3364 Angliae,
893 3274 983 3361 quod
1001 3275 1044 3339 ed
1066 3275 1154 3339 diem
1173 3275 1267 3340 illum
1282 3276 1360 3341 illuc

304 3379 441 3444 fecimus
461 3378 679 3459 summoneri;
703 3383 738 3444 et
758 3383 837 3442 tune
862 3376 951 3442 diem
974 3375 1178 3464 praefiximus
1202 3378 1359 3464 praedicto

305 3481 377 3568 regi
398 3481 526 3558 Scotiae,
543 3481 632 3568 quod
655 3480 780 3545 ibidem
801 3481 836 3544 in
859 3486 948 3546 terre
967 3484 1080 3544 nostra
1106 3486 1299 3566 compareat,
1316 3482 1359 3546 ad

299 3585 359 3670 jus
384 3583 569 3650 faciendum
585 3589 618 3649 et
633 3583 857 3670 recipiendum
880 3583 921 3647 de
944 3583 1257 3670 transgressionibus
1277 3608 1359 3672 prae-

304 3687 412 3766 dictis,
434 3685 614 3752 secundum
639 3686 727 3774 quod
754 3683 866 3750 fideles
890 3685 998 3750 nostri
1020 3684 1144 3749 ibidem
1168 3689 1358 3774 congregati

304 3789 608 3870 consideraverint;
632 3811 674 3854 ne
698 3789 802 3876 possit
828 3787 925 3853 nobis
954 3787 1082 3874 imponi
1112 3793 1147 3852 et
1178 3788 1359 3877 improbari

303 3891 394 3978 quod
413 3892 526 3978 inique
552 3897 586 3957 et
611 3891 722 3956 minus
742 3891 833 3976 juste
857 3895 974 3954 contra
997 3890 1106 3976 ipsum
1130 3912 1307 3978 ageremus,
1329 3893 1359 3957 si

302 3995 396 4081 prius
418 3994 489 4081 ipso
511 4016 588 4082 rege
610 4015 678 4059 non
700 3999 818 4058 vocato
842 3993 879 4056 in
907 3993 1016 4078 ipsum
1040 3993 1289 4080 insurgeremus.

349 4095 436 4176 Quia
451 4117 528 4162 vere
544 4095 662 4161 incerti
677 4117 791 4160 sumus
807 4095 855 4159 si⁹
869 4116 969 4181 super
990 4096 1176 4162 excessibus
1190 4097 1358 4183 praedictis
1371 4117 1437 4167 Ifhe

302 4198 519 4266 emendandis
545 4199 582 4264 in
612 4199 703 4264 curia
727 4202 842 4264 nostra
872 4221 1058 4286 comparere
1085 4199 1237 4276 voluerit,
1264 4199 1358 4266 vobis
1371 4184 1527 4300 ΫΜΙἭ

300 4301 500 4366 mandamus
529 4307 682 4388 regentes
708 4306 879 4386 quatenus,
905 4301 942 4366 in
962 4301 1027 4366 fide
1052 4324 1118 4387 que
1143 4300 1240 4366 nobis
1266 4266 1527 4368 tene-afflet

300 4403 387 4468 mini
417 4410 451 4470 et
480 4403 567 4470 sicut
596 4425 655 4468 nos
685 4407 720 4468 et
749 4401 906 4468 honorem
929 4409 1080 4469 nostrum
1111 4403 1259 4489 diligitis,
1283 4403 1356 4469 sitis
1369 4384 1491 4500 ἓξὲξ

298 4505 390 4593 apud
417 4505 633 4593 Korlingford
663 4505 700 4569 in
726 4505 852 4570 octabis
878 4505 955 4571 festi
982 4505 1143 4592 praedicti,
1172 4505 1222 4570 ita
1248 4505 1357 4592 parati
1368 4517 1438 4581 Aug.
1450 4521 1474 4567 s.

296 4689 490 4698 ..φῇ-κ,
502 4690 555 4695 .-.
571 4689 660 4696 --.--

337 4785 343 4814 ¹
363 4783 490 4847 Probably
501 4798 517 4833 a
528 4783 595 4834 rue
604 4783 657 4834 ofa
667 4783 774 4834 circulor
786 4783 858 4835 letter
869 4791 895 4834 ro
906 4784 949 4833 the
959 4789 1059 4835 tonante
1069 4783 1097 4834 in
1108 4783 1212 4835 chiefin
1223 4785 1331 4837 Ireland.

335 4865 345 4894 ²
360 4861 398 4928 ει]
412 4861 464 4912 Not
473 4861 501 4912 in
512 4861 568 4913 Me.
