<?xml version="1.0" encoding="UTF-8"?>
<!DOCTYPE html PUBLIC "-//W3C//DTD XHTML 1.0 Transitional//EN"
    "http://www.w3.org/TR/xhtml1/DTD/xhtml1-transitional.dtd">
<html xmlns="http://www.w3.org/1999/xhtml" xml:lang="en" lang="en">
 <head>
  <title>
</title>
<meta http-equiv="Content-Type" content="text/html;charset=utf-8" />
  <meta name='ocr-system' content='tesseract 3.04.00' />
  <meta name='ocr-capabilities' content='ocr_page ocr_carea ocr_par ocr_line ocrx_word'/>
</head>
<body>
  <div class='ocr_page' id='page_1' title='image "./royalandotherhi00shirgoog_0398.png"; bbox 0 0 3609 5800; ppageno 0'>
   <div class='ocr_carea' id='block_1_1' title="bbox 429 861 1374 932">
    <p class='ocr_par' dir='ltr' id='par_1_1' title="bbox 429 861 1374 932">
     <span class='ocr_line' id='line_1_1' title="bbox 429 861 1374 932; baseline -0.003 -6"><span class='ocrx_word' id='word_1_1' title='bbox 429 876 677 932; x_wconf 75' lang='lat' dir='ltr'>renusrssnvn</span> <span class='ocrx_word' id='word_1_2' title='bbox 699 879 743 926; x_wconf 85' lang='lat' dir='ltr'>os</span> <span class='ocrx_word' id='word_1_3' title='bbox 765 879 834 926; x_wconf 78' lang='lat' dir='ltr'>rec</span> <span class='ocrx_word' id='word_1_4' title='bbox 857 878 964 926; x_wconf 76' lang='lat' dir='ltr'>enus</span> <span class='ocrx_word' id='word_1_5' title='bbox 987 879 1031 926; x_wconf 86' lang='lat' dir='ltr'>or</span> <span class='ocrx_word' id='word_1_6' title='bbox 1053 877 1173 928; x_wconf 80' lang='lat' dir='ltr'>nusnr</span> <span class='ocrx_word' id='word_1_7' title='bbox 1187 880 1246 930; x_wconf 91' lang='lat'>·111.</span> <span class='ocrx_word' id='word_1_8' title='bbox 1305 861 1374 932; x_wconf 76' lang='grc'>327.</span> 
     </span>
    </p>
   </div>
   <div class='ocr_carea' id='block_1_2' title="bbox 313 1051 1373 1551">
    <p class='ocr_par' dir='ltr' id='par_1_2' title="bbox 313 1051 1373 1551">
     <span class='ocr_line' id='line_1_2' title="bbox 319 1051 1372 1131; baseline 0.003 -13"><span class='ocrx_word' id='word_1_9' title='bbox 319 1055 360 1118; x_wconf 91' lang='lat' dir='ltr'>de</span> <span class='ocrx_word' id='word_1_10' title='bbox 384 1053 561 1131; x_wconf 84' lang='lat' dir='ltr'>Oussntiis,</span> <span class='ocrx_word' id='word_1_11' title='bbox 584 1051 758 1119; x_wconf 69' lang='lat' dir='ltr'>senescallo</span> <span class='ocrx_word' id='word_1_12' title='bbox 789 1051 982 1131; x_wconf 70' lang='lat' dir='ltr'>wasconie,</span> <span class='ocrx_word' id='word_1_13' title='bbox 1003 1053 1122 1118; x_wconf 85' lang='lat' dir='ltr'>vestris</span> <span class='ocrx_word' id='word_1_14' title='bbox 1152 1053 1238 1120; x_wconf 89' lang='lat' dir='ltr'>detis</span> <span class='ocrx_word' id='word_1_15' title='bbox 1267 1055 1372 1121; x_wconf 89' lang='lat' dir='ltr'>literis</span> 
     </span>
     <span class='ocr_line' id='line_1_3' title="bbox 321 1154 1372 1243; baseline 0.002 -22"><span class='ocrx_word' id='word_1_16' title='bbox 321 1159 356 1221; x_wconf 85' lang='lat' dir='ltr'>in</span> <span class='ocrx_word' id='word_1_17' title='bbox 396 1155 570 1236; x_wconf 74' lang='lat' dir='ltr'>mendatio,</span> <span class='ocrx_word' id='word_1_18' title='bbox 617 1156 705 1240; x_wconf 90' lang='lat' dir='ltr'>quod</span> <span class='ocrx_word' id='word_1_19' title='bbox 752 1155 876 1222; x_wconf 87' lang='lat' dir='ltr'>dictum</span> <span class='ocrx_word' id='word_1_20' title='bbox 920 1154 1136 1221; x_wconf 80' lang='lat' dir='ltr'>Guillelmum</span> <span class='ocrx_word' id='word_1_21' title='bbox 1182 1157 1372 1243; x_wconf 86' lang='lat' dir='ltr'>Reymundi</span> 
     </span>
     <span class='ocr_line' id='line_1_4' title="bbox 318 1257 1373 1345; baseline 0.002 -21"><span class='ocrx_word' id='word_1_22' title='bbox 318 1261 418 1324; x_wconf 85' lang='lat' dir='ltr'>ducet</span> <span class='ocrx_word' id='word_1_23' title='bbox 443 1261 545 1345; x_wconf 84' lang='lat' dir='ltr'>juxte</span> <span class='ocrx_word' id='word_1_24' title='bbox 574 1258 680 1324; x_wconf 89' lang='lat' dir='ltr'>forum</span> <span class='ocrx_word' id='word_1_25' title='bbox 708 1263 742 1323; x_wconf 89' lang='lat' dir='ltr'>et</span> <span class='ocrx_word' id='word_1_26' title='bbox 772 1257 1026 1324; x_wconf 87' lang='lat' dir='ltr'>consuetudines</span> <span class='ocrx_word' id='word_1_27' title='bbox 1062 1259 1180 1345; x_wconf 83' lang='lat' dir='ltr'>petriae</span> <span class='ocrx_word' id='word_1_28' title='bbox 1207 1265 1242 1325; x_wconf 89' lang='lat' dir='ltr'>et</span> <span class='ocrx_word' id='word_1_29' title='bbox 1271 1260 1373 1326; x_wconf 77' lang='lat' dir='ltr'>facist</span> 
     </span>
     <span class='ocr_line' id='line_1_5' title="bbox 313 1359 1372 1448; baseline 0.002 -22"><span class='ocrx_word' id='word_1_30' title='bbox 313 1362 466 1448; x_wconf 87' lang='lat' dir='ltr'>judiceri,</span> <span class='ocrx_word' id='word_1_31' title='bbox 488 1383 548 1426; x_wconf 91' lang='lat' dir='ltr'>nec</span> <span class='ocrx_word' id='word_1_32' title='bbox 569 1361 679 1447; x_wconf 88' lang='lat' dir='ltr'>ipsum</span> <span class='ocrx_word' id='word_1_33' title='bbox 702 1361 771 1426; x_wconf 88' lang='lat' dir='ltr'>sine</span> <span class='ocrx_word' id='word_1_34' title='bbox 790 1359 916 1446; x_wconf 88' lang='lat' dir='ltr'>judicio</span> <span class='ocrx_word' id='word_1_35' title='bbox 951 1359 1070 1447; x_wconf 85' lang='lat' dir='ltr'>spoliet</span> <span class='ocrx_word' id='word_1_36' title='bbox 1091 1365 1182 1426; x_wconf 85' lang='lat' dir='ltr'>terre</span> <span class='ocrx_word' id='word_1_37' title='bbox 1202 1365 1238 1428; x_wconf 86' lang='lat' dir='ltr'>et</span> <span class='ocrx_word' id='word_1_38' title='bbox 1266 1361 1372 1428; x_wconf 91' lang='lat' dir='ltr'>homi-</span> 
     </span>
     <span class='ocr_line' id='line_1_6' title="bbox 319 1462 1373 1551; baseline 0.002 -22"><span class='ocrx_word' id='word_1_39' title='bbox 319 1465 417 1529; x_wconf 88' lang='lat' dir='ltr'>nibus</span> <span class='ocrx_word' id='word_1_40' title='bbox 449 1463 633 1540; x_wconf 76' lang='lat' dir='ltr'>antedictis,</span> <span class='ocrx_word' id='word_1_41' title='bbox 673 1462 726 1529; x_wconf 88' lang='lat' dir='ltr'>vel</span> <span class='ocrx_word' id='word_1_42' title='bbox 760 1462 789 1527; x_wconf 86' lang='lat' dir='ltr'>si</span> <span class='ocrx_word' id='word_1_43' title='bbox 823 1462 1017 1549; x_wconf 75' lang='lat' dir='ltr'>spoliaverit</span> <span class='ocrx_word' id='word_1_44' title='bbox 1047 1465 1136 1548; x_wconf 89' lang='lat' dir='ltr'>quod</span> <span class='ocrx_word' id='word_1_45' title='bbox 1176 1464 1285 1551; x_wconf 86' lang='lat' dir='ltr'>ipsum</span> <span class='ocrx_word' id='word_1_46' title='bbox 1321 1487 1373 1531; x_wconf 86' lang='lat' dir='ltr'>re-</span> 
     </span>
    </p>
   </div>
   <div class='ocr_carea' id='block_1_3' title="bbox 316 1565 1411 1961">
    <p class='ocr_par' dir='ltr' id='par_1_3' title="bbox 316 1565 1411 1961">
     <span class='ocr_line' id='line_1_7' title="bbox 317 1565 1372 1654; baseline 0.001 -20"><span class='ocrx_word' id='word_1_47' title='bbox 317 1568 446 1646; x_wconf 82' lang='lat' dir='ltr'>stituet,</span> <span class='ocrx_word' id='word_1_48' title='bbox 477 1572 511 1632; x_wconf 85' lang='lat' dir='ltr'>et</span> <span class='ocrx_word' id='word_1_49' title='bbox 543 1566 583 1630; x_wconf 91' lang='lat' dir='ltr'>de</span> <span class='ocrx_word' id='word_1_50' title='bbox 612 1566 689 1651; x_wconf 84' lang='lat' dir='ltr'>jure</span> <span class='ocrx_word' id='word_1_51' title='bbox 722 1565 900 1652; x_wconf 87' lang='lat' dir='ltr'>procedct;</span> <span class='ocrx_word' id='word_1_52' title='bbox 939 1569 1075 1632; x_wconf 84' lang='lat' dir='ltr'>tentum</span> <span class='ocrx_word' id='word_1_53' title='bbox 1108 1588 1207 1654; x_wconf 88' lang='lat' dir='ltr'>super</span> <span class='ocrx_word' id='word_1_54' title='bbox 1234 1569 1305 1646; x_wconf 83' lang='lat' dir='ltr'>hoo,</span> <span class='ocrx_word' id='word_1_55' title='bbox 1342 1569 1372 1634; x_wconf 87' lang='lat' dir='ltr'>si</span> 
     </span>
     <span class='ocr_line' id='line_1_8' title="bbox 316 1667 1372 1754; baseline 0.003 -20"><span class='ocrx_word' id='word_1_56' title='bbox 316 1668 485 1754; x_wconf 75' lang='lat' dir='ltr'>placuerit,</span> <span class='ocrx_word' id='word_1_57' title='bbox 502 1689 614 1734; x_wconf 82' lang='lat' dir='ltr'>amore</span> <span class='ocrx_word' id='word_1_58' title='bbox 631 1667 779 1754; x_wconf 74' lang='lat' dir='ltr'>justitiae</span> <span class='ocrx_word' id='word_1_59' title='bbox 801 1667 969 1748; x_wconf 73' lang='lat' dir='ltr'><strong>facientes,</strong></span> <span class='ocrx_word' id='word_1_60' title='bbox 993 1669 1081 1754; x_wconf 87' lang='lat' dir='ltr'>quod</span> <span class='ocrx_word' id='word_1_61' title='bbox 1112 1670 1372 1737; x_wconf 72' lang='lat' dir='ltr'><strong>dominationem</strong></span> 
     </span>
     <span class='ocr_line' id='line_1_9' title="bbox 318 1771 1371 1858; baseline 0.002 -20"><span class='ocrx_word' id='word_1_62' title='bbox 318 1775 471 1851; x_wconf 76' lang='lat' dir='ltr'>vestrum,</span> <span class='ocrx_word' id='word_1_63' title='bbox 507 1793 606 1856; x_wconf 84' lang='lat' dir='ltr'>quem</span> <span class='ocrx_word' id='word_1_64' title='bbox 645 1791 772 1858; x_wconf 89' lang='lat' dir='ltr'>semper</span> <span class='ocrx_word' id='word_1_65' title='bbox 802 1771 893 1858; x_wconf 82' lang='lat' dir='ltr'>piem</span> <span class='ocrx_word' id='word_1_66' title='bbox 923 1771 1092 1851; x_wconf 77' lang='lat' dir='ltr'>sensimus,</span> <span class='ocrx_word' id='word_1_67' title='bbox 1125 1772 1301 1840; x_wconf 76' lang='lat' dir='ltr'>debemus</span> <span class='ocrx_word' id='word_1_68' title='bbox 1328 1797 1371 1840; x_wconf 81' lang='lat' dir='ltr'>ex</span> 
     </span>
     <span class='ocr_line' id='line_1_10' title="bbox 321 1873 1411 1961; baseline 0 -23"><span class='ocrx_word' id='word_1_69' title='bbox 321 1873 383 1942; x_wconf 91' lang='lat' dir='ltr'>hoc</span> <span class='ocrx_word' id='word_1_70' title='bbox 404 1873 589 1961; x_wconf 66' lang='lat' dir='ltr'>specialiter</span> <span class='ocrx_word' id='word_1_71' title='bbox 610 1874 843 1940; x_wconf 81' lang='lat' dir='ltr'>commendere.</span> <span class='ocrx_word' id='word_1_72' title='bbox 890 1873 1014 1940; x_wconf 80' lang='lat' dir='ltr'>Vuletc.</span> <span class='ocrx_word' id='word_1_73' title='bbox 1408 1877 1411 1880; x_wconf 75' lang='grc'><strong><em>’</em></strong></span> 
     </span>
    </p>
   </div>
   <div class='ocr_carea' id='block_1_4' title="bbox 766 2121 1069 2128">
    <p class='ocr_par' dir='ltr' id='par_1_4' title="bbox 766 2121 1069 2128">
     <span class='ocr_line' id='line_1_11' title="bbox 766 2121 1069 2128; baseline 0 0"><span class='ocrx_word' id='word_1_74' title='bbox 766 2121 790 2128; x_wconf 73' lang='grc' dir='ltr'>ι-</span> <span class='ocrx_word' id='word_1_75' title='bbox 810 2121 889 2128; x_wconf 74' lang='lat'>.-.-—</span> <span class='ocrx_word' id='word_1_76' title='bbox 899 2121 909 2126; x_wconf 81' lang='lat'><em>-</em></span> <span class='ocrx_word' id='word_1_77' title='bbox 929 2121 1069 2128; x_wconf 70' lang='lat'>.—-·---—</span> 
     </span>
    </p>
   </div>
   <div class='ocr_carea' id='block_1_5' title="bbox 750 2279 938 2348">
    <p class='ocr_par' dir='ltr' id='par_1_5' title="bbox 750 2279 938 2348">
     <span class='ocr_line' id='line_1_12' title="bbox 750 2279 938 2348; baseline 0.016 -4"><span class='ocrx_word' id='word_1_78' title='bbox 750 2279 938 2348; x_wconf 81' lang='lat' dir='ltr'>DOLXIX.</span> 
     </span>
    </p>
   </div>
   <div class='ocr_carea' id='block_1_6' title="bbox 600 2409 1103 2477">
    <p class='ocr_par' dir='ltr' id='par_1_6' title="bbox 600 2409 1103 2477">
     <span class='ocr_line' id='line_1_13' title="bbox 600 2409 1103 2477; baseline 0.002 -3"><span class='ocrx_word' id='word_1_79' title='bbox 600 2409 709 2476; x_wconf 80' lang='lat' dir='ltr'>Lorne</span> <span class='ocrx_word' id='word_1_80' title='bbox 732 2409 792 2476; x_wconf 69' lang='lat' dir='ltr'>IX</span> <span class='ocrx_word' id='word_1_81' title='bbox 815 2425 859 2476; x_wconf 86' lang='lat' dir='ltr'>ro</span> <span class='ocrx_word' id='word_1_82' title='bbox 881 2409 1014 2477; x_wconf 66' lang='grc' dir='ltr'>ΗΜ</span> <span class='ocrx_word' id='word_1_83' title='bbox 1036 2409 1103 2476; x_wconf 93' lang='grc' dir='ltr'><strong>ΙΙΙ.</strong></span> 
     </span>
    </p>
   </div>
   <div class='ocr_carea' id='block_1_7' title="bbox 666 2533 1024 2600">
    <p class='ocr_par' dir='ltr' id='par_1_7' title="bbox 666 2533 1024 2600">
     <span class='ocr_line' id='line_1_14' title="bbox 666 2533 1024 2600; baseline 0.006 -16"><span class='ocrx_word' id='word_1_84' title='bbox 666 2533 763 2600; x_wconf 83' lang='lat' dir='ltr'>(Roynl</span> <span class='ocrx_word' id='word_1_85' title='bbox 773 2533 881 2594; x_wconf 64' lang='lat' dir='ltr'>letters,</span> <span class='ocrx_word' id='word_1_86' title='bbox 892 2535 941 2586; x_wconf 81' lang='lat' dir='ltr'>No.</span> <span class='ocrx_word' id='word_1_87' title='bbox 954 2538 1024 2600; x_wconf 77' lang='lat' dir='ltr'>los.)</span> 
     </span>
    </p>
   </div>
   <div class='ocr_carea' id='block_1_8' title="bbox 320 2637 1531 3015">
    <p class='ocr_par' dir='ltr' id='par_1_8' title="bbox 320 2637 1531 3015">
     <span class='ocr_line' id='line_1_15' title="bbox 367 2637 1531 2726; baseline 0.003 -24"><span class='ocrx_word' id='word_1_88' title='bbox 367 2639 560 2718; x_wconf 87' lang='lat' dir='ltr'>Ludovious,</span> <span class='ocrx_word' id='word_1_89' title='bbox 592 2637 655 2706; x_wconf 88' lang='lat' dir='ltr'>Dei</span> <span class='ocrx_word' id='word_1_90' title='bbox 684 2639 794 2726; x_wconf 84' lang='lat' dir='ltr'>gratie</span> <span class='ocrx_word' id='word_1_91' title='bbox 825 2639 972 2706; x_wconf 83' lang='lat' dir='ltr'>Frcnoiae</span> <span class='ocrx_word' id='word_1_92' title='bbox 1005 2661 1076 2720; x_wconf 83' lang='lat' dir='ltr'>rex,</span> <span class='ocrx_word' id='word_1_93' title='bbox 1101 2639 1268 2705; x_wconf 75' lang='lat' dir='ltr'>carissimo</span> <span class='ocrx_word' id='word_1_94' title='bbox 1298 2654 1453 2720; x_wconf 69' lang='lat' dir='ltr'>con-sept</span> <span class='ocrx_word' id='word_1_95' title='bbox 1468 2661 1531 2706; x_wconf 79' lang='lat' dir='ltr'>reso</span> 
     </span>
     <span class='ocr_line' id='line_1_16' title="bbox 320 2724 1485 2830; baseline 0.001 -23"><span class='ocrx_word' id='word_1_96' title='bbox 320 2742 500 2829; x_wconf 81' lang='lat' dir='ltr'>sanguineo</span> <span class='ocrx_word' id='word_1_97' title='bbox 532 2763 591 2807; x_wconf 92' lang='lat' dir='ltr'>suo</span> <span class='ocrx_word' id='word_1_98' title='bbox 615 2741 802 2830; x_wconf 88' lang='lat' dir='ltr'>H[enrico],</span> <span class='ocrx_word' id='word_1_99' title='bbox 825 2742 948 2808; x_wconf 81' lang='lat' dir='ltr'>illustri</span> <span class='ocrx_word' id='word_1_100' title='bbox 976 2742 1047 2829; x_wconf 85' lang='lat' dir='ltr'>regi</span> <span class='ocrx_word' id='word_1_101' title='bbox 1076 2741 1218 2829; x_wconf 78' lang='lat' dir='ltr'>Angliae‚</span> <span class='ocrx_word' id='word_1_102' title='bbox 1240 2724 1485 2808; x_wconf 74' lang='lat' dir='ltr'>domin0‘¹²⁶⁹·¹</span> 
     </span>
     <span class='ocr_line' id='line_1_17' title="bbox 322 2844 1374 2933; baseline 0.001 -24"><span class='ocrx_word' id='word_1_103' title='bbox 322 2844 505 2933; x_wconf 85' lang='lat' dir='ltr'>Hyberniee</span> <span class='ocrx_word' id='word_1_104' title='bbox 537 2849 571 2911; x_wconf 85' lang='lat' dir='ltr'>ct</span> <span class='ocrx_word' id='word_1_105' title='bbox 603 2845 678 2911; x_wconf 91' lang='lat' dir='ltr'>duci</span> <span class='ocrx_word' id='word_1_106' title='bbox 712 2844 913 2933; x_wconf 80' lang='lat' dir='ltr'>Aquitnniae‚</span> <span class='ocrx_word' id='word_1_107' title='bbox 938 2844 1029 2911; x_wconf 87' lang='lat' dir='ltr'>fideli</span> <span class='ocrx_word' id='word_1_108' title='bbox 1062 2867 1129 2925; x_wconf 87' lang='lat' dir='ltr'>suo,</span> <span class='ocrx_word' id='word_1_109' title='bbox 1164 2844 1306 2912; x_wconf 78' lang='lat' dir='ltr'>salntem</span> <span class='ocrx_word' id='word_1_110' title='bbox 1339 2850 1374 2910; x_wconf 91' lang='lat' dir='ltr'>et</span> 
     </span>
     <span class='ocr_line' id='line_1_18' title="bbox 320 2947 850 3015; baseline 0.006 -4"><span class='ocrx_word' id='word_1_111' title='bbox 320 2949 455 3013; x_wconf 83' lang='lat' dir='ltr'>sineerae</span> <span class='ocrx_word' id='word_1_112' title='bbox 478 2947 665 3014; x_wconf 77' lang='lat' dir='ltr'>dilectionis</span> <span class='ocrx_word' id='word_1_113' title='bbox 687 2948 850 3015; x_wconf 85' lang='lat' dir='ltr'>effectum.</span> 
     </span>
    </p>
   </div>
   <div class='ocr_carea' id='block_1_9' title="bbox 366 3050 1468 3135">
    <p class='ocr_par' dir='ltr' id='par_1_9' title="bbox 366 3050 1468 3135">
     <span class='ocr_line' id='line_1_19' title="bbox 366 3050 1468 3135; baseline 0.005 -21"><span class='ocrx_word' id='word_1_114' title='bbox 366 3050 419 3114; x_wconf 85' lang='lat' dir='ltr'>Ex</span> <span class='ocrx_word' id='word_1_115' title='bbox 452 3051 686 3135; x_wconf 80' lang='lat' dir='ltr'>conquestione</span> <span class='ocrx_word' id='word_1_116' title='bbox 722 3050 883 3117; x_wconf 83' lang='lat' dir='ltr'>Goillerdi</span> <span class='ocrx_word' id='word_1_117' title='bbox 915 3052 1089 3131; x_wconf 83' lang='lat' dir='ltr'>Bertremi,</span> <span class='ocrx_word' id='word_1_118' title='bbox 1125 3050 1150 3116; x_wconf 87' lang='lat' dir='ltr'><strong>J</strong></span> <span class='ocrx_word' id='word_1_119' title='bbox 1151 3052 1290 3117; x_wconf 81' lang='lat' dir='ltr'>ohannis</span> <span class='ocrx_word' id='word_1_120' title='bbox 1319 3050 1468 3120; x_wconf 74' lang='lat' dir='ltr'>delerant</span> 
     </span>
    </p>
   </div>
   <div class='ocr_carea' id='block_1_10' title="bbox 321 3139 1519 3255">
    <p class='ocr_par' dir='ltr' id='par_1_10' title="bbox 321 3139 1519 3255">
     <span class='ocr_line' id='line_1_20' title="bbox 321 3139 1519 3255; baseline 0.002 -38"><span class='ocrx_word' id='word_1_121' title='bbox 321 3152 440 3232; x_wconf 77' lang='lat' dir='ltr'>lione,</span> <span class='ocrx_word' id='word_1_122' title='bbox 479 3152 620 3218; x_wconf 82' lang='lat' dir='ltr'>Arnuldi</span> <span class='ocrx_word' id='word_1_123' title='bbox 658 3152 698 3219; x_wconf 91' lang='lat' dir='ltr'>de</span> <span class='ocrx_word' id='word_1_124' title='bbox 733 3152 855 3233; x_wconf 82' lang='lat' dir='ltr'>Leduz,</span> <span class='ocrx_word' id='word_1_125' title='bbox 891 3154 1053 3218; x_wconf 80' lang='lat' dir='ltr'>Geillardi</span> <span class='ocrx_word' id='word_1_126' title='bbox 1090 3152 1131 3219; x_wconf 91' lang='lat' dir='ltr'>de</span> <span class='ocrx_word' id='word_1_127' title='bbox 1164 3152 1300 3241; x_wconf 67' lang='lat' dir='ltr'>Regilla,</span> <span class='ocrx_word' id='word_1_128' title='bbox 1338 3139 1519 3255; x_wconf 51' lang='lat' dir='ltr'>“mm</span> 
     </span>
    </p>
   </div>
   <div class='ocr_carea' id='block_1_11' title="bbox 320 3254 1527 3335">
    <p class='ocr_par' dir='ltr' id='par_1_11' title="bbox 320 3254 1527 3335">
     <span class='ocr_line' id='line_1_21' title="bbox 320 3254 1527 3335; baseline 0.001 -14"><span class='ocrx_word' id='word_1_129' title='bbox 320 3255 481 3321; x_wconf 87' lang='lat' dir='ltr'>sociorum</span> <span class='ocrx_word' id='word_1_130' title='bbox 527 3276 670 3335; x_wconf 87' lang='lat' dir='ltr'>suorum,</span> <span class='ocrx_word' id='word_1_131' title='bbox 708 3260 928 3321; x_wconf 80' lang='lat' dir='ltr'>mercatorum</span> <span class='ocrx_word' id='word_1_132' title='bbox 973 3260 1071 3321; x_wconf 82' lang='lat' dir='ltr'>terrae</span> <span class='ocrx_word' id='word_1_133' title='bbox 1108 3254 1221 3321; x_wconf 84' lang='lat' dir='ltr'>dilecti</span> <span class='ocrx_word' id='word_1_134' title='bbox 1267 3258 1374 3322; x_wconf 89' lang='lat' dir='ltr'>nostri</span> <span class='ocrx_word' id='word_1_135' title='bbox 1384 3272 1527 3322; x_wconf 72' lang='lat' dir='ltr'>merchcnn</span> 
     </span>
    </p>
   </div>
   <div class='ocr_carea' id='block_1_12' title="bbox 320 3338 1531 4265">
    <p class='ocr_par' dir='ltr' id='par_1_12' title="bbox 320 3338 1531 4163">
     <span class='ocr_line' id='line_1_22' title="bbox 321 3338 1516 3455; baseline 0.002 -33"><span class='ocrx_word' id='word_1_136' title='bbox 321 3358 470 3443; x_wconf 86' lang='lat' dir='ltr'>Jc[oobi]</span> <span class='ocrx_word' id='word_1_137' title='bbox 510 3358 649 3425; x_wconf 88' lang='lat' dir='ltr'>illustris</span> <span class='ocrx_word' id='word_1_138' title='bbox 688 3358 773 3445; x_wconf 87' lang='lat' dir='ltr'>regis</span> <span class='ocrx_word' id='word_1_139' title='bbox 807 3356 1010 3447; x_wconf 79' lang='lat' dir='ltr'>Arragoniae,</span> <span class='ocrx_word' id='word_1_140' title='bbox 1044 3359 1160 3423; x_wconf 80' lang='lat' dir='ltr'>datum</span> <span class='ocrx_word' id='word_1_141' title='bbox 1193 3364 1243 3423; x_wconf 87' lang='lat' dir='ltr'>est</span> <span class='ocrx_word' id='word_1_142' title='bbox 1279 3338 1516 3455; x_wconf 42' lang='lat' dir='ltr'>nobis‘fflss&#39;fso</span> 
     </span>
     <span class='ocr_line' id='line_1_23' title="bbox 320 3421 1531 3549; baseline -0.004 -24"><span class='ocrx_word' id='word_1_143' title='bbox 320 3460 463 3547; x_wconf 82' lang='lat' dir='ltr'>intelligi</span> <span class='ocrx_word' id='word_1_144' title='bbox 486 3462 574 3547; x_wconf 89' lang='lat' dir='ltr'>quod</span> <span class='ocrx_word' id='word_1_145' title='bbox 597 3460 731 3547; x_wconf 87' lang='lat' dir='ltr'>quidem</span> <span class='ocrx_word' id='word_1_146' title='bbox 762 3460 985 3526; x_wconf 79' lang='lat' dir='ltr'>malefactores</span> <span class='ocrx_word' id='word_1_147' title='bbox 1008 3461 1049 3526; x_wconf 89' lang='lat' dir='ltr'>de</span> <span class='ocrx_word' id='word_1_148' title='bbox 1079 3466 1168 3526; x_wconf 85' lang='lat' dir='ltr'>terre</span> <span class='ocrx_word' id='word_1_149' title='bbox 1190 3484 1248 3527; x_wconf 89' lang='lat' dir='ltr'>seu</span> <span class='ocrx_word' id='word_1_150' title='bbox 1273 3484 1374 3549; x_wconf 83' lang='lat' dir='ltr'>regno</span> <span class='ocrx_word' id='word_1_151' title='bbox 1386 3421 1452 3549; x_wconf 62' lang='lat' dir='ltr'>lari</span> <span class='ocrx_word' id='word_1_152' title='bbox 1464 3487 1531 3522; x_wconf 79' lang='lat' dir='ltr'>eom-</span> 
     </span>
     <span class='ocr_line' id='line_1_24' title="bbox 321 3538 1525 3655; baseline 0.002 -28"><span class='ocrx_word' id='word_1_153' title='bbox 321 3568 431 3629; x_wconf 85' lang='lat' dir='ltr'>vestro</span> <span class='ocrx_word' id='word_1_154' title='bbox 466 3564 587 3629; x_wconf 84' lang='lat' dir='ltr'>eisdem</span> <span class='ocrx_word' id='word_1_155' title='bbox 625 3586 746 3629; x_wconf 88' lang='lat' dir='ltr'>merces</span> <span class='ocrx_word' id='word_1_156' title='bbox 784 3586 859 3628; x_wconf 83' lang='lat' dir='ltr'>suns</span> <span class='ocrx_word' id='word_1_157' title='bbox 897 3564 935 3628; x_wconf 93' lang='lat' dir='ltr'>in</span> <span class='ocrx_word' id='word_1_158' title='bbox 971 3564 1055 3628; x_wconf 82' lang='lat' dir='ltr'>mari</span> <span class='ocrx_word' id='word_1_159' title='bbox 1092 3585 1152 3651; x_wconf 90' lang='lat' dir='ltr'>per</span> <span class='ocrx_word' id='word_1_160' title='bbox 1181 3564 1373 3631; x_wconf 81' lang='lat' dir='ltr'>violentiam</span> <span class='ocrx_word' id='word_1_161' title='bbox 1385 3538 1525 3655; x_wconf 44' lang='lat' dir='ltr'>galnneuto</span> 
     </span>
     <span class='ocr_line' id='line_1_25' title="bbox 321 3666 1375 3754; baseline 0.003 -23"><span class='ocrx_word' id='word_1_162' title='bbox 321 3666 540 3746; x_wconf 78' lang='lat' dir='ltr'>abstulerunt,</span> <span class='ocrx_word' id='word_1_163' title='bbox 574 3670 608 3733; x_wconf 86' lang='lat' dir='ltr'>et</span> <span class='ocrx_word' id='word_1_164' title='bbox 639 3666 813 3754; x_wconf 83' lang='lat' dir='ltr'>praedictas</span> <span class='ocrx_word' id='word_1_165' title='bbox 846 3688 969 3732; x_wconf 88' lang='lat' dir='ltr'>merces</span> <span class='ocrx_word' id='word_1_166' title='bbox 999 3666 1036 3730; x_wconf 92' lang='lat' dir='ltr'>in</span> <span class='ocrx_word' id='word_1_167' title='bbox 1066 3666 1191 3754; x_wconf 81' lang='lat' dir='ltr'>Anglis</span> <span class='ocrx_word' id='word_1_168' title='bbox 1223 3666 1375 3734; x_wconf 86' lang='lat' dir='ltr'>detinent</span> 
     </span>
     <span class='ocr_line' id='line_1_26' title="bbox 322 3768 1374 3856; baseline 0.002 -23"><span class='ocrx_word' id='word_1_169' title='bbox 322 3770 368 3835; x_wconf 86' lang='lat' dir='ltr'>sio</span> <span class='ocrx_word' id='word_1_170' title='bbox 399 3768 528 3833; x_wconf 81' lang='lat' dir='ltr'>ablatas</span> <span class='ocrx_word' id='word_1_171' title='bbox 540 3794 549 3849; x_wconf 93' lang='lat'>;</span> <span class='ocrx_word' id='word_1_172' title='bbox 579 3768 668 3835; x_wconf 87' lang='lat' dir='ltr'>unde</span> <span class='ocrx_word' id='word_1_173' title='bbox 699 3790 758 3835; x_wconf 88' lang='lat' dir='ltr'>vos</span> <span class='ocrx_word' id='word_1_174' title='bbox 790 3791 944 3856; x_wconf 82' lang='lat' dir='ltr'>rogamus</span> <span class='ocrx_word' id='word_1_175' title='bbox 975 3774 1148 3854; x_wconf 83' lang='lat' dir='ltr'>quatenus,</span> <span class='ocrx_word' id='word_1_176' title='bbox 1171 3770 1200 3834; x_wconf 85' lang='lat' dir='ltr'>si</span> <span class='ocrx_word' id='word_1_177' title='bbox 1232 3773 1282 3835; x_wconf 90' lang='lat' dir='ltr'>est</span> <span class='ocrx_word' id='word_1_178' title='bbox 1315 3770 1374 3847; x_wconf 82' lang='lat' dir='ltr'>ita,</span> 
     </span>
     <span class='ocr_line' id='line_1_27' title="bbox 322 3870 1374 3959; baseline 0.001 -22"><span class='ocrx_word' id='word_1_179' title='bbox 322 3878 361 3937; x_wconf 90' lang='lat' dir='ltr'>ut</span> <span class='ocrx_word' id='word_1_180' title='bbox 383 3870 559 3959; x_wconf 69' lang='lat' dir='ltr'>praedictas</span> <span class='ocrx_word' id='word_1_181' title='bbox 582 3892 704 3937; x_wconf 87' lang='lat' dir='ltr'>meroes</span> <span class='ocrx_word' id='word_1_182' title='bbox 727 3870 792 3943; x_wconf 88' lang='lat' dir='ltr'>sibi</span> <span class='ocrx_word' id='word_1_183' title='bbox 813 3871 869 3937; x_wconf 84' lang='lat' dir='ltr'>vel</span> <span class='ocrx_word' id='word_1_184' title='bbox 899 3893 1013 3937; x_wconf 90' lang='lat' dir='ltr'>corum</span> <span class='ocrx_word' id='word_1_185' title='bbox 1034 3877 1124 3937; x_wconf 84' lang='lat' dir='ltr'>certo</span> <span class='ocrx_word' id='word_1_186' title='bbox 1146 3872 1276 3949; x_wconf 81' lang='lat' dir='ltr'>nuncio,</span> <span class='ocrx_word' id='word_1_187' title='bbox 1300 3894 1374 3938; x_wconf 89' lang='lat' dir='ltr'>cum</span> 
     </span>
     <span class='ocr_line' id='line_1_28' title="bbox 322 3972 1373 4062; baseline 0 -23"><span class='ocrx_word' id='word_1_188' title='bbox 322 3974 451 4039; x_wconf 85' lang='lat' dir='ltr'>demnis</span> <span class='ocrx_word' id='word_1_189' title='bbox 482 3996 557 4059; x_wconf 88' lang='lat' dir='ltr'>quae</span> <span class='ocrx_word' id='word_1_190' title='bbox 591 3980 726 4062; x_wconf 86' lang='lat' dir='ltr'>propter</span> <span class='ocrx_word' id='word_1_191' title='bbox 763 3972 824 4039; x_wconf 89' lang='lat' dir='ltr'>hoo</span> <span class='ocrx_word' id='word_1_192' title='bbox 866 3996 921 4039; x_wconf 90' lang='lat' dir='ltr'>eos</span> <span class='ocrx_word' id='word_1_193' title='bbox 952 3973 1145 4039; x_wconf 84' lang='lat' dir='ltr'>sustinuisse</span> <span class='ocrx_word' id='word_1_194' title='bbox 1180 3976 1373 4051; x_wconf 86' lang='lat' dir='ltr'>constiterit,</span> 
     </span>
     <span class='ocr_line' id='line_1_29' title="bbox 322 4075 1018 4163; baseline 0.001 -23"><span class='ocrx_word' id='word_1_195' title='bbox 322 4082 422 4163; x_wconf 91' lang='lat' dir='ltr'>prout</span> <span class='ocrx_word' id='word_1_196' title='bbox 440 4076 570 4162; x_wconf 83' lang='lat' dir='ltr'>justum</span> <span class='ocrx_word' id='word_1_197' title='bbox 593 4076 702 4153; x_wconf 83' lang='lat' dir='ltr'>fuerit,</span> <span class='ocrx_word' id='word_1_198' title='bbox 725 4075 859 4142; x_wconf 88' lang='lat' dir='ltr'>restitui</span> <span class='ocrx_word' id='word_1_199' title='bbox 881 4075 1018 4141; x_wconf 83' lang='lat' dir='ltr'>fecistis.</span> 
     </span>
    </p>

    <p class='ocr_par' dir='ltr' id='par_1_13' title="bbox 368 4176 1372 4265">
     <span class='ocr_line' id='line_1_30' title="bbox 368 4176 1372 4265; baseline 0.003 -23"><span class='ocrx_word' id='word_1_200' title='bbox 368 4176 494 4243; x_wconf 80' lang='lat' dir='ltr'>Datum</span> <span class='ocrx_word' id='word_1_201' title='bbox 517 4178 606 4265; x_wconf 85' lang='lat' dir='ltr'>cpud</span> <span class='ocrx_word' id='word_1_202' title='bbox 628 4178 794 4255; x_wconf 77' lang='lat' dir='ltr'>Asneries,</span> <span class='ocrx_word' id='word_1_203' title='bbox 819 4178 965 4245; x_wconf 80' lang='lat' dir='ltr'>Sabbato</span> <span class='ocrx_word' id='word_1_204' title='bbox 986 4181 1065 4243; x_wconf 83' lang='lat' dir='ltr'>ente</span> <span class='ocrx_word' id='word_1_205' title='bbox 1089 4176 1312 4243; x_wconf 79' lang='lat' dir='ltr'>Nativitatem</span> <span class='ocrx_word' id='word_1_206' title='bbox 1336 4178 1372 4245; x_wconf 91' lang='lat' dir='ltr'>B.</span> 
     </span>
    </p>
   </div>
   <div class='ocr_carea' id='block_1_13' title="bbox 324 4280 608 4367">
    <p class='ocr_par' dir='ltr' id='par_1_14' title="bbox 324 4280 608 4367">
     <span class='ocr_line' id='line_1_31' title="bbox 324 4280 608 4367; baseline 0.007 -24"><span class='ocrx_word' id='word_1_207' title='bbox 324 4280 438 4346; x_wconf 82' lang='lat' dir='ltr'>Meriae</span> <span class='ocrx_word' id='word_1_208' title='bbox 453 4280 608 4367; x_wconf 84' lang='lat' dir='ltr'>Virginis.</span> 
     </span>
    </p>
   </div>
   <div class='ocr_carea' id='block_1_14' title="bbox 327 4519 1377 4651">
    <p class='ocr_par' dir='ltr' id='par_1_15' title="bbox 327 4519 1377 4651">
     <span class='ocr_line' id='line_1_32' title="bbox 359 4519 1377 4585; baseline 0.008 -17"><span class='ocrx_word' id='word_1_209' title='bbox 359 4520 366 4550; x_wconf 89' lang='lat'>¹</span> <span class='ocrx_word' id='word_1_210' title='bbox 386 4520 501 4569; x_wconf 84' lang='lat' dir='ltr'>Between</span> <span class='ocrx_word' id='word_1_211' title='bbox 520 4520 562 4570; x_wconf 81' lang='lat' dir='ltr'>tho</span> <span class='ocrx_word' id='word_1_212' title='bbox 581 4520 726 4569; x_wconf 87' lang='lat' dir='ltr'>conclusion</span> <span class='ocrx_word' id='word_1_213' title='bbox 747 4520 778 4569; x_wconf 84' lang='lat' dir='ltr'>of</span> <span class='ocrx_word' id='word_1_214' title='bbox 794 4536 868 4585; x_wconf 83' lang='lat' dir='ltr'>pecco</span> <span class='ocrx_word' id='word_1_215' title='bbox 881 4519 944 4570; x_wconf 80' lang='lat' dir='ltr'>with</span> <span class='ocrx_word' id='word_1_216' title='bbox 963 4522 1060 4571; x_wconf 72' lang='lat' dir='ltr'>l&#39;runee</span> <span class='ocrx_word' id='word_1_217' title='bbox 1081 4521 1109 4569; x_wconf 91' lang='lat' dir='ltr'>in</span> <span class='ocrx_word' id='word_1_218' title='bbox 1131 4526 1201 4579; x_wconf 80' lang='lat'>1259,</span> <span class='ocrx_word' id='word_1_219' title='bbox 1213 4525 1263 4573; x_wconf 85' lang='lat' dir='ltr'>and</span> <span class='ocrx_word' id='word_1_220' title='bbox 1275 4524 1377 4576; x_wconf 83' lang='lat' dir='ltr'>thelnst</span> 
     </span>
     <span class='ocr_line' id='line_1_33' title="bbox 327 4599 617 4651; baseline 0.007 -2"><span class='ocrx_word' id='word_1_221' title='bbox 327 4602 430 4649; x_wconf 71' lang='lat' dir='ltr'>consede</span> <span class='ocrx_word' id='word_1_222' title='bbox 442 4600 472 4649; x_wconf 79' lang='lat' dir='ltr'>of</span> <span class='ocrx_word' id='word_1_223' title='bbox 480 4601 517 4649; x_wconf 78' lang='lat' dir='ltr'>st.</span> <span class='ocrx_word' id='word_1_224' title='bbox 531 4599 617 4651; x_wconf 79' lang='lat' dir='ltr'>Leuis.</span> 
     </span>
    </p>
   </div>
   <div class='ocr_carea' id='block_1_15' title="bbox 612 4788 1043 4800">
    <p class='ocr_par' dir='ltr' id='par_1_16' title="bbox 612 4788 1043 4800">
     <span class='ocr_line' id='line_1_34' title="bbox 612 4788 1043 4800; baseline 0.002 -2"><span class='ocrx_word' id='word_1_225' title='bbox 612 4788 1043 4800; x_wconf 55' lang='lat' dir='ltr'><strong><em>m</em></strong></span> 
     </span>
    </p>
   </div>
   <div class='ocr_carea' id='block_1_16' title="bbox 0 0 1820 5800">
    <p class='ocr_par' dir='ltr' id='par_1_17' title="bbox 0 0 1820 5800">
     <span class='ocr_line' id='line_1_35' title="bbox 0 0 1820 5800; baseline 0 0"><span class='ocrx_word' id='word_1_226' title='bbox 0 0 1820 5800; x_wconf 95' lang='lat' dir='ltr'> </span> 
     </span>
    </p>
   </div>
  </div>
 </body>
</html>
