3609 5800
438 901 689 953 nausmsmvn
711 902 755 953 or
777 903 846 953 nun
868 904 978 953 emas
1002 904 1046 952 or
1068 902 1188 953 unsar
1211 904 1262 951 111.
1331 888 1373 951 85

326 1082 444 1143 vestrae
453 1078 654 1145 exoellentiae
663 1078 858 1166 magnitudo
869 1078 957 1167 quod
966 1078 1143 1145 vioeoomes
1153 1078 1194 1143 de
1202 1078 1378 1143 Fronciaeo

328 1179 479 1265 pervias
501 1184 536 1245 et
567 1180 687 1247 itinera
719 1182 757 1247 in
778 1182 937 1269 Angliam
968 1181 1171 1247 divertentes
1204 1203 1280 1246 oum
1310 1179 1378 1245 suis

328 1284 520 1369 sequacibus
535 1288 632 1371 porat
646 1284 783 1351 insidias
797 1284 964 1373 capitales,
979 1285 1031 1351 ita
1044 1285 1134 1370 quod
1155 1306 1225 1365 non
1241 1286 1378 1370 possent

329 1406 410 1451 neo.
427 1438 433 1451 .
450 1439 457 1452 .
479 1438 486 1452 .
510 1438 516 1451 .
540 1388 703 1453 ,transire
726 1388 797 1455 sine
820 1388 979 1454 eminenti
994 1388 1141 1475 periculo
1156 1408 1376 1474 personarum.

332 1488 407 1567 Qua
437 1490 477 1555 de
510 1512 607 1557 oense
638 1513 696 1557 sex
727 1490 845 1579 probos
871 1491 1020 1558 homines
1051 1490 1247 1558 eommuniae
1280 1488 1379 1554 simul

330 1593 556 1659 transmittere
586 1615 653 1659 non
690 1594 868 1681 potuimus,
902 1600 1002 1682 prout
1039 1594 1136 1661 nobis
1171 1615 1231 1681 per
1266 1592 1380 1657 literas

331 1695 548 1761 mandavistis
571 1742 718 1763 .......
736 1702 771 1763 et
792 1718 891 1785 super
911 1696 975 1763 hoo
996 1718 1057 1764 nos
1080 1696 1237 1785 dignetur
1260 1695 1380 1760 habere
1412 1733 1416 1741 ι

331 1804 501 1865 excusatos
533 1805 645 1865 vestra
681 1798 772 1887 regia
810 1800 978 1867 celsitudo.
1043 1800 1131 1866 Nam
1168 1799 1251 1865 alios
1283 1798 1381 1863 eitius

333 1923 429 1987 quam
469 1901 648 1989 poterimus
681 1903 849 1969 commode
882 1904 1154 1969 transmittemus.
1211 1902 1255 1968 In
1288 1900 1382 1986 eujus

331 2050 337 2058 ·
366 2052 676 2071 ...........
713 2004 860 2092 [vest]rae
897 2005 1091 2073 reverentiae
1122 2004 1287 2071 mittimus
1323 2004 1383 2068 has

332 2112 483 2194 patentes
519 2108 632 2173 literas
677 2107 786 2195 sigillo
823 2114 944 2175 nostr-za
982 2108 1176 2175 commnniae
1212 2106 1382 2195 sigillatas.

378 2209 503 2275 Datum
519 2208 732 2299 Burdegaliae,
755 2232 843 2277 anno
865 2211 1002 2278 Domini
1025 2211 1197 2277 millesimo
1228 2211 1383 2277 ducente·

333 2313 415 2379 simo
439 2312 710 2402 quinquagesimo
732 2361 1268 2382 ..................

630 2584 634 2589 .
640 2581 1058 2591 --.Ἣ

711 2800 998 2869 CCCCLXXXII.

482 2967 634 3033 Lamnas
657 2967 796 3032 Passus
818 2985 862 3032 on
886 2966 968 3032 Gor
991 2983 1036 3031 os
1057 2966 1252 3033 Lnsmmu.

620 3111 689 3174 (Rot.
703 3111 758 3162 Pet.
771 3115 803 3161 36
816 3111 882 3162 Heu.
894 3111 952 3172 111„
962 3113 1053 3163 memb.
1067 3113 1104 3176 8.)

384 3223 547 3291 Omnibus
561 3225 604 3290 ad
620 3248 700 3314 quos
715 3230 893 3314 praesentes
908 3224 1014 3292 literae
1028 3225 1249 3313 pervenerint,
1266 3225 1386 3312 Gnydo
1399 3235 1475 3298 spru
1486 3236 1527 3295 2⁸,

339 3328 381 3393 de
404 3328 603 3416 Lezingnan,
628 3330 779 3396 salutem.
1401 3307 1473 3353 ¹²⁵²·

385 3431 502 3498 Sciatis
538 3453 600 3498 nos
635 3433 793 3520 recepisse
832 3432 873 3498 de
910 3430 1011 3497 bellio
1050 3431 1176 3516 domini
1215 3431 1383 3519 H[enrioi]
1399 3427 1544 3544 {effingi

340 3535 449 3600 fratrs
471 3537 579 3602 noser
599 3537 685 3624 regis
708 3536 840 3624 Angsae
864 3535 1002 3601 illustris
1022 3533 1116 3599 uram
1138 3540 1266 3621 parem
1289 3539 1387 3602 erre
1400 3509 1489 3612 aa

341 3659 414 3703 oum
443 3639 652 3726 pertinentiis
682 3659 756 3726 quae
784 3638 851 3704 fuit
880 3637 1011 3704 comitis
1033 3636 1231 3724 Engolisimi
1263 3637 1388 3702 domini
1400 3627 1516 3745 ffivffl

342 3739 383 3806 de
406 3739 600 3828 Ooygnaeo¹
632 3741 668 3806 in
697 3740 806 3806 insula
836 3739 996 3822 Oleronis,
1020 3761 1094 3806 enm
1124 3739 1278 3817 servitiis,
1315 3760 1388 3826 qum
1402 3760 1549 3812 aculeos

341 3843 406 3909 fuit
442 3843 478 3909 in
511 3865 611 3910 manu
648 3843 798 3931 praedioti
832 3843 958 3908 domini
992 3842 1088 3930 regis,
1124 3842 1178 3908 die
1215 3841 1390 3907 Dominice
1402 3828 1522 3946 gffie

341 3947 491 4033 proxima
523 3955 601 4012 ante
624 3947 857 4013 Ascensionem
880 3947 1025 4025 Domini,
1048 3967 1136 4012 anno
1157 3947 1254 4032 regni
1284 3945 1389 4034 ipsius
1402 3962 1473 4027 king,
1486 3961 1544 4011 sub·

341 4051 427 4136 regis
460 4050 623 4118 tricesimo
657 4056 773 4132 sexto;
819 4049 1006 4116 habendam
1039 4054 1074 4114 et
1108 4049 1284 4114 tenendam
1315 4069 1390 4114 oum
1400 4030 1499 4147 {effi

341 4153 561 4242 pertinentiis,
585 4154 688 4220 donee
720 4154 873 4220 dominus
905 4152 1104 4218 Eduuardus
1126 4151 1217 4216 fflius
1239 4151 1390 4217 etheree
1403 4161 1555 4214 anditione.

342 4255 487 4342 ejusdem
510 4257 636 4322 domini
658 4257 743 4345 regis
773 4257 828 4322 vel
849 4255 934 4322 alins
956 4256 1113 4321 heredum
1136 4253 1240 4340 ipsius
1263 4253 1389 4319 domini

342 4359 429 4446 regis
455 4360 607 4426 seisinam
633 4367 731 4428 terrae
762 4358 943 4426 Wasooniee
976 4357 1141 4438 habuerit,
1162 4355 1256 4423 salvo
1278 4363 1391 4424 tomen

342 4467 501 4550 tempore
511 4463 737 4529 conventionis
771 4463 859 4529 inter
889 4461 999 4548 ipsum
1022 4460 1193 4527 dominum
1224 4481 1335 4547 regem
1356 4466 1392 4527 et

344 4565 512 4632 Simonem
534 4567 576 4632 de
598 4564 714 4632 Monte
733 4563 828 4632 Forti
849 4564 1005 4631 comitem
1021 4563 1217 4650 Leyoestriae
1240 4561 1394 4630 deterre

679 4886 687 4922 ¹
708 4886 849 4958 Copqanco]
868 4887 1041 4956 Coygnaeom,
1052 4885 1110 4940 MS.
