3609 5800
417 881 481 954 176
571 895 687 950 noran
709 895 782 948 arn
810 895 926 950 ornnn
950 895 1158 949 nrsronrom
1183 894 1332 948 torrens

415 1073 496 1141 dicti
520 1095 626 1141 eomes
648 1082 684 1143 et
705 1075 873 1142 comitissa
902 1073 946 1142 sd
976 1074 1037 1144 hoo
1067 1095 1126 1164 pro
1157 1081 1251 1163 parte
1282 1094 1342 1141 sua
1364 1071 1469 1161 elege·

414 1182 511 1258 runt;
550 1179 599 1244 its
629 1179 717 1264 quod
744 1177 895 1265 praedicti
930 1183 1071 1264 quatuor
1092 1177 1257 1264 jurabunt
1285 1177 1373 1263 quod
1403 1177 1468 1264 ipsi

414 1278 450 1342 in
481 1279 571 1345 dioto
596 1280 730 1368 negotio
760 1279 903 1346 fideliter
929 1286 964 1346 et
999 1280 1087 1345 bona
1115 1279 1181 1346 fide
1215 1279 1402 1368 procedent,
1433 1285 1468 1345 et

413 1380 541 1446 dietum
568 1403 665 1447 suum
699 1382 874 1469 proferent,
898 1387 933 1447 et
963 1381 1024 1448 hoo
1054 1381 1142 1447 infra
1163 1382 1285 1448 festum
1309 1381 1486 1472 Omnium·

414 1481 612 1549 Sanctorum
634 1485 786 1571 proximo
809 1488 995 1550 venturum.

460 1584 656 1652 Concessum
694 1592 745 1652 est
781 1585 882 1652 etiam
916 1586 1085 1673 utrimque
1118 1587 1206 1672 quod
1237 1585 1364 1652 nobiles
1400 1585 1467 1650 viri

414 1686 548 1774 H[ugo]
585 1689 656 1753 dux
694 1688 898 1774 Burgundiae
940 1692 975 1754 et
1008 1688 1127 1755 Petrus
1158 1689 1189 1755 le
1212 1688 1467 1774 Chambirlenge

413 1789 483 1856 sint
527 1790 725 1855 mediatores
772 1791 808 1854 in
846 1791 981 1877 negotio
1018 1791 1090 1869 isto,
1129 1790 1288 1876 quamdiu
1325 1790 1368 1855 ad
1406 1789 1468 1853 hoo

413 1892 584 1959 intendere
616 1897 776 1979 poterunt
808 1893 844 1956 in
878 1913 980 1978 regno
1014 1897 1137 1971 nostro,
1169 1892 1257 1958 infra
1288 1892 1465 1958 terminum

413 1999 642 2062 memoratum.
689 1994 755 2075 Qui
778 1995 912 2079 quidem
935 1993 1024 2060 bono
1044 1995 1111 2060 fide
1133 1995 1357 2082 promiserunt
1379 1993 1468 2080 quod

413 2095 449 2161 in
494 2095 630 2183 negotio
672 2095 831 2184 praedicto
868 2096 1012 2162 fideliter
1053 2097 1241 2184 procedent,
1280 2118 1347 2162 una
1392 2117 1467 2162 oum

413 2205 556 2284 quatuor
588 2198 794 2286 supradietis.
841 2197 888 2264 Et
919 2197 1007 2284 quod
1042 2197 1105 2286 ipsi
1137 2220 1249 2264 onmes
1279 2199 1333 2264 vel
1363 2197 1469 2284 major

412 2322 488 2386 pars
510 2322 623 2366 eorum
653 2301 801 2366 dixerint
833 2299 887 2366 vel
911 2300 1035 2366 dixerit
1058 2301 1094 2364 in
1116 2301 1300 2387 praemissis,
1330 2299 1468 2387 promit·

411 2402 515 2467 timus
537 2423 597 2488 pro
625 2409 720 2488 parte
742 2406 856 2467 nostra
877 2401 1018 2467 firmiter
1040 2407 1075 2468 et
1098 2400 1338 2467 inviolabiliter
1360 2401 1468 2466 obser-

413 2524 500 2582 vare,
524 2511 559 2568 et
581 2503 662 2569 dieti
684 2525 791 2570 eomes
813 2509 849 2570 et
878 2504 1044 2571 eomitissa
1073 2503 1156 2569 illud
1181 2503 1268 2569 idem
1291 2524 1351 2589 pro
1375 2507 1467 2589 purte

414 2628 474 2670 sua
496 2605 649 2672 similiter
669 2606 899 2692 promiserunt.

458 2707 505 2772 Et
530 2709 563 2786 si,
588 2707 708 2794 aliquis
737 2709 792 2773 vel
821 2707 927 2793 aliqui
957 2707 1192 2793 praedictorum
1223 2711 1365 2792 quatuor
1387 2705 1467 2772 elec·

413 2813 523 2873 torum
547 2809 744 2874 infirmitate
774 2809 829 2874 vel
858 2808 925 2874 alio
949 2807 1100 2895 legitimo
1124 2807 1362 2895 impedimento
1385 2829 1467 2894 pree·

413 2910 546 2997 peditus
567 2910 622 2977 vel
637 2911 812 2998 praepediti
827 2911 905 2977 huie
919 2910 1053 2999 negotio
1068 2910 1282 2997 personaliter
1296 2910 1467 2975 intendere

414 3012 604 3097 nequiverit
626 3013 680 3078 vel
702 3012 923 3099 nequiverint,
946 3013 1045 3079 liceat
1067 3018 1137 3079 tam
1159 3013 1256 3078 uobis
1283 3034 1343 3101 pro
1374 3018 1467 3103 purte

403 3119 528 3179 nostra
561 3136 660 3200 quam
695 3114 863 3201 praedietis
885 3112 999 3181 comiti
1023 3119 1057 3179 et
1080 3114 1254 3180 oomitissae
1284 3134 1344 3200 pro
1373 3120 1467 3200 parte

412 3237 472 3281 sua
493 3215 595 3281 alium
610 3215 664 3281 vel
685 3216 766 3281 alios
788 3215 858 3281 looo
880 3217 950 3302 ejus
966 3216 1020 3283 vel
1039 3236 1152 3281 eorum
1167 3215 1376 3293 substituere,
1392 3234 1465 3279 oum

413 3317 487 3381 aliis
509 3316 544 3381 iu
568 3316 657 3383 dioto
678 3318 813 3404 negotio
835 3318 871 3383 in
894 3318 1001 3384 forma
1023 3318 1184 3404 praediota
1207 3338 1417 3404 prooessuros

459 3418 504 3483 Et
526 3419 555 3484 si
577 3418 729 3505 praedioti
751 3425 894 3505 quatuor
917 3418 970 3485 vel
986 3440 1099 3486 eorum
1122 3420 1227 3506 major
1249 3440 1325 3507 pars
1339 3418 1464 3485 dietum

412 3541 510 3585 suum
541 3541 609 3585 non
639 3521 797 3599 dixerint,
821 3520 876 3586 vel
910 3521 946 3586 in
980 3521 1069 3587 dioto
1100 3520 1157 3585 illo
1188 3520 1383 3587 concordare
1409 3542 1465 3585 ne-

413 3622 582 3705 quiverint
604 3622 692 3688 infra
713 3623 909 3709 praedietum
931 3622 1052 3689 festum
1077 3622 1235 3689 Omnium
1262 3623 1466 3699 Sanctorum,

412 3730 494 3789 tuno
528 3729 698 3789 remaneat
729 3724 901 3812 negotium
935 3724 972 3789 in
1001 3724 1116 3789 eodem
1139 3729 1231 3790 statu
1253 3725 1289 3791 in
1313 3747 1379 3810 quo
1401 3724 1466 3789 fuit

413 3830 560 3911 tempore
583 3825 795 3893 oonfeotionis
816 3825 915 3911 hujus
938 3825 1061 3913 scripti.
1109 3827 1150 3891 Iu
1174 3826 1276 3911 eujus,
1300 3831 1359 3893 eto.

458 3927 555 3993 Teste
576 3949 653 4015 rege
676 3927 765 4015 apud
787 3927 920 3994 Turrim
944 3927 1131 4007 Londoniae,
1154 3928 1273 4013 quinto
1296 3928 1350 3994 die
1371 3926 1463 3993 Julii.
