3609 5800
447 908 510 971 196
602 921 715 972 nossa
737 923 810 972 ssu
833 925 948 974 ornan
971 927 1175 977 msronrese
1198 927 1344 977 annuas

445 1101 642 1188 reponetur,¹
674 1102 716 1167 ad
751 1124 825 1189 qum
848 1108 1043 1169 mercatores
1066 1103 1203 1170 forsitan
1234 1125 1300 1168 non
1324 1103 1493 1182 accedunt,

445 1225 512 1268 non
534 1209 665 1291 oportet
687 1204 874 1286 transferre,
898 1227 1065 1293 quousque
1098 1207 1140 1272 de
1170 1229 1209 1272 ea
1240 1205 1424 1293 specialiter
1447 1207 1493 1271 sit

444 1307 621 1392 provisum.
667 1307 768 1372 Unde
790 1329 889 1395 super
911 1309 963 1374 his
989 1310 1077 1396 quod
1099 1309 1257 1397 magistro
1278 1309 1436 1396 praedicto
1459 1314 1493 1373 et

443 1409 539 1474 vobis
553 1410 721 1476 videbitur
735 1411 840 1476 faeere
854 1412 1006 1497 poteritis
1020 1411 1230 1478 confidenter.
1255 1411 1493 1478 Verumtamen

442 1511 528 1577 siin
551 1513 665 1578 eastris
688 1514 820 1579 domino
850 1514 920 1601 regi
951 1515 1046 1602 plene
1076 1515 1241 1602 subjectis,
1265 1517 1294 1580 si
1316 1537 1383 1601 qua
1412 1518 1493 1579 sunt

441 1615 558 1695 vicina,
574 1620 752 1703 reponatur
766 1616 905 1704 pecunia
926 1619 1111 1684 securitatis
1133 1619 1250 1706 gratia,
1274 1617 1397 1683 bonum
1421 1615 1492 1681 erit.

442 1716 531 1782 Bene
555 1718 672 1784 valete.

486 1820 630 1886 Domino
653 1821 705 1888 W.
730 1822 771 1889 de
794 1823 936 1904 Merton,
961 1823 1094 1888 domino
1117 1823 1204 1909 regis
1227 1821 1427 1888 cancellarie.

747 2011 874 2022 ———-

903 2125 1044 2191 DLXII.

616 2268 746 2332 Hesus
768 2267 835 2334 ΙΙΙ.
857 2284 900 2333 ro
924 2285 993 2333 rsa
1016 2267 1114 2333 Enna
1138 2267 1318 2332 Msnsssn

639 2407 711 2469 (Rea
722 2407 807 2460 cuns.
819 2412 852 2457 46
864 2406 932 2458 Heu.
943 2406 1002 2468 111„
1013 2408 1104 2457 memb.
1119 2411 1148 2457 18
1161 2405 1188 2458 in
1199 2407 1293 2472 dorso.)

272 2539 335 2589 Dee.
349 2546 388 2602 re,
485 2523 557 2589 Rex
580 2525 693 2590 comiti
717 2521 915 2603 Marescallo,
940 2525 1089 2589 salutem.

273 2611 346 2659 ¹²⁶¹·
485 2627 568 2693 Cum
606 2628 642 2691 in
675 2627 780 2691 forma
813 2627 903 2713 pacis
929 2627 1019 2692 inter
1048 2647 1109 2692 nos
1133 2631 1168 2692 et
1198 2627 1338 2692 barones
1361 2631 1492 2692 nostros

270 2698 386 2829 {iffi
400 2773 426 2815 to
439 2729 533 2795 initae
554 2729 723 2816 provisum
745 2729 791 2793 sit
822 2733 856 2794 et
886 2729 1080 2794 condictum
1108 2729 1197 2814 quod
1220 2749 1280 2792 vos
1302 2728 1491 2814 etquidem

272 2832 380 2948 pedtbp
439 2831 496 2897 alii
528 2832 666 2897 barones
699 2830 813 2909 nostri,
848 2830 906 2917 qui
940 2831 977 2895 in
1007 2853 1087 2918 pace
1120 2830 1178 2896 illa
1211 2852 1279 2896 esse
1315 2830 1490 2905 voluerint,

271 2914 364 3028 932⁰
439 2934 547 3021 sigilla
569 2956 630 2999 sua
652 2934 824 3022 scripturae
846 2955 945 3020 super
967 2933 1057 2999 dieta
1090 2956 1168 3021 pace
1203 2955 1308 3021 nuper
1337 2932 1492 2999 confectae

272 3034 393 3148 :srffdbb
438 3058 601 3124 apponere
625 3035 769 3102 debcant
791 3036 879 3100 infra
900 3035 1089 3122 quindecim
1121 3036 1193 3102 dies
1215 3042 1392 3123 postquam
1413 3034 1491 3101 inde

271 3114 352 3215 effla„
365 3180 395 3215 ῃ,
438 3138 588 3225 requisiti
633 3137 766 3214 fuerint,
812 3142 848 3203 et
891 3138 953 3203 hoc
997 3138 1086 3204 inire
1130 3136 1249 3204 festum
1295 3138 1491 3225 Epiphaniae

271 3233 379 3348 {ml
440 3240 597 3315 Domini:
620 3239 715 3306 vobis
737 3238 935 3305 mandamus
969 3245 1140 3325 quatenus,
1163 3241 1191 3305 si
1223 3240 1266 3305 ad
1288 3240 1350 3306 hoc
1371 3240 1491 3305 lacien-

364 3336 371 3349 ’
440 3342 523 3407 dum
559 3342 602 3407 ad
639 3364 700 3407 nos
736 3341 953 3428 personaliter
1001 3344 1154 3408 accedere
1191 3343 1372 3429 nequeatis
1411 3348 1491 3408 tune

440 3444 586 3532 sigillum
623 3450 772 3510 vestrum
809 3444 853 3510 ad
889 3465 950 3509 nos
987 3444 1131 3510 mittatis
1167 3466 1226 3533 per
1263 3444 1403 3531 aliquem
1451 3446 1491 3509 de

441 3547 568 3627 vestris,
594 3546 635 3612 de
657 3569 723 3634 quo
745 3546 840 3633 plene
862 3546 1045 3627 confidatis,
1067 3547 1298 3633 apponendum
1321 3548 1491 3633 scripturae

441 3650 616 3737 praedictae,
639 3655 737 3736 prout
759 3649 837 3714 inde
859 3648 1028 3736 provisum
1052 3654 1104 3713 cst
1126 3654 1160 3714 et
1183 3649 1379 3716 condictum.

484 3752 583 3815 Teste
604 3772 679 3837 rege
701 3750 790 3838 apud
813 3750 955 3828 Mortua,
972 3756 1066 3817 sexto
1081 3750 1207 3816 decimo
1222 3750 1276 3817 die
1291 3749 1489 3816 Decembris.

438 3880 441 3887 ·
484 3853 607 3919 Eodem
632 3853 729 3919 modo
752 3852 906 3918 scribitur
929 3851 1077 3917 Johanni
1107 3852 1147 3918 de
1172 3852 1344 3932 warenne,
1376 3853 1489 3919 comiti

439 3954 647 4041 Leycestriae,
672 3954 801 4043 Rogero
835 3956 876 4021 de
909 3954 1041 4020 Mortuo
1073 3954 1168 4031 Mari,
1202 3956 1340 4043 Hugoni
1372 3956 1403 4021 le
1426 3955 1490 4021 De-

371 4080 375 4087 ·
438 4080 582 4146 spenser,
605 4057 773 4123 Willelmo
797 4056 943 4137 Barduli,
967 4056 1115 4122 Johenni
1138 4058 1178 4123 de
1202 4058 1322 4145 Burgo,
1346 4058 1490 4124 Henrieo

439 4161 480 4227 de
503 4162 656 4248 Hastiug,
681 4160 830 4226 «Iohanni
853 4159 941 4225 Filio
964 4158 1135 4238 Johannis,
1154 4160 1299 4227 Roberto
1321 4161 1362 4227 de
1377 4161 1490 4227 Veteri

440 4262 553 4342 Ponte,
577 4263 743 4328 Willelmo
773 4262 814 4329 de
841 4262 1076 4348 Munehenesy‚
1099 4262 1122 4328 J
1125 4262 1248 4329 chunni
1270 4262 1356 4347 Filio
1379 4262 1490 4342 Alani,

439 4366 576 4431 Nicolao
599 4365 639 4430 de
662 4364 814 4450 Segrave
838 4362 987 4429 Galfrido
1011 4364 1052 4429 de
1076 4364 1175 4450 Luoy.

582 4519 586 4523 .
610 4517 824 4523 -—-----<--
838 4517 846 4521 -
861 4518 866 4521 -
880 4518 887 4523 -
918 4517 937 4523 -
951 4516 1081 4523 ,η--υ-
1096 4516 1495 4525 -------—————-.-—-

754 4583 760 4611 ¹
778 4582 918 4648 reponetur]
938 4584 1060 4635 Doubtlul
1073 4582 1100 4633 in
1113 4584 1169 4635 MS.

782 4842 786 4846 .
796 4840 913 4846 -..η-...-
923 4840 1167 4848 ---.-......—---
