3609 5800
411 870 475 932 184
566 881 684 931 norm
705 880 779 929 ruo
801 880 917 928 ornes
940 877 1147 929 mammona
1169 877 1317 926 inrisas

409 1061 480 1126 dies
516 1080 614 1146 super
650 1057 838 1124 defensione
874 1057 1089 1144 burgensium
1127 1056 1208 1122 dicti
1247 1056 1345 1122 castri
1385 1079 1460 1122 eon·

410 1162 522 1228 silium
553 1161 684 1226 salubre
717 1160 901 1247 apponatis,
925 1183 999 1226 oum
1021 1181 1082 1225 nos
1105 1159 1228 1246 absque
1250 1163 1361 1226 vestro
1392 1181 1461 1246 spe-

410 1265 485 1332 ciali
507 1263 665 1328 mandato
687 1263 784 1328 dietis
807 1261 1027 1350 burgensibus
1054 1261 1227 1328 defendere
1250 1262 1459 1339 noluerimus,

410 1389 470 1432 neo
502 1367 547 1432 ad
584 1365 806 1431 defensionem
843 1386 957 1430 eorum
994 1385 1088 1430 arma
1124 1371 1266 1452 portare,
1303 1363 1381 1430 licet
1417 1363 1460 1428 ab

409 1469 531 1534 eisdem
553 1467 772 1555 burgensibus
794 1488 892 1553 super
911 1466 973 1532 hoo
986 1466 1144 1532 fuerimus
1158 1467 1280 1553 pluries
1302 1465 1460 1552 requisiti,

410 1595 470 1636 vos
514 1570 635 1636 exinde
679 1569 833 1657 poteritis
877 1570 986 1656 ipsum
1040 1573 1184 1636 castrum
1229 1569 1383 1634 amittere
1426 1573 1461 1634 et

410 1672 592 1739 dominium
626 1672 715 1758 quod
750 1671 880 1738 habetis
918 1671 1052 1753 ibidem,
1090 1676 1125 1737 et
1157 1693 1216 1758 per
1251 1691 1459 1756 consequens,

410 1798 485 1841 oum
506 1775 552 1841 sit
574 1779 674 1862 eaput
695 1775 801 1840 totius
822 1773 939 1861 patriae
970 1778 1006 1838 et
1028 1774 1228 1859 Aquitania,
1252 1781 1287 1838 et
1309 1773 1350 1838 de
1373 1772 1460 1838 faoili

410 1877 596 1942 traheretur
609 1898 631 1940 a
644 1876 762 1941 ceteris
784 1877 821 1941 in
837 1875 1033 1962 exemplum,
1049 1876 1086 1940 in
1100 1876 1217 1941 multis
1231 1876 1304 1942 aliis
1318 1876 1459 1962 recipere

411 1978 657 2044 detrimentum.

456 2082 544 2146 Item
559 2082 642 2146 sciat
665 2082 756 2167 regie
777 2081 937 2148 celsitudo
962 2081 1051 2167 quod
1072 2102 1132 2147 nos
1154 2081 1363 2168 promisimus
1384 2103 1459 2146 oon·

410 2185 536 2250 sulibus
565 2190 600 2250 et
630 2183 848 2270 burgensibus
878 2182 961 2248 dicti
990 2182 1089 2248 onstri
1119 2183 1207 2269 quod
1230 2189 1305 2270 post
1335 2185 1459 2249 dietum

410 2288 531 2353 festum
562 2285 758 2374 Epiphaniae
798 2285 969 2350 veniemus
1007 2307 1081 2352 oum
1119 2285 1220 2351 armis
1261 2293 1296 2352 et
1325 2287 1461 2352 armabis

410 2389 598 2454 bominibus
623 2389 660 2453 in
685 2388 774 2454 dioto
794 2399 900 2454 oestro
915 2388 952 2452 in
976 2386 1161 2453 subsidium
1179 2392 1213 2453 et
1240 2388 1459 2454 defensionem

411 2512 532 2571 eorum,
556 2491 644 2576 quod
666 2489 731 2556 nisi
754 2490 1015 2576 promisissemus
1038 2491 1148 2555 sciatis
1173 2490 1352 2556 oertissime
1374 2491 1460 2577 quod

410 2617 470 2659 vos
499 2593 637 2680 possetis
667 2593 709 2658 ob
739 2591 903 2658 defectum
937 2592 1134 2658 defensionis
1163 2592 1271 2679 ipsum
1309 2599 1459 2672 castrum,

410 2702 446 2762 et
465 2695 555 2781 quod
576 2694 625 2760 ibi
648 2694 779 2760 habetis
801 2694 985 2760 dominium
1004 2694 1157 2772 amisisse,
1173 2700 1208 2760 et
1231 2697 1345 2761 eodem
1363 2697 1460 2761 modo

412 2798 494 2862 dieti
530 2797 708 2884 burgenses
731 2798 773 2862 de
797 2797 930 2882 juribus
954 2797 1022 2862 suis
1055 2797 1233 2884 plurimum
1266 2799 1459 2864 amissisent.

312 2940 317 2949 ·
412 2901 591 2965 Conservet
615 2899 777 2964 Dominus
803 2922 973 2985 personam
990 2905 1134 2965 vestram
1160 2901 1202 2965 ad
1224 2901 1459 2967 exaltationem

411 3002 505 3087 regni
528 3001 659 3087 Angliae
683 3022 742 3088 pro
766 3006 916 3086 tempora
938 3001 1104 3067 diuturna

458 3102 633 3169 Irrdorsed.
679 3102 962 3170 Excellentissimo
986 3104 1119 3170 domino
1144 3126 1202 3171 suo
1226 3106 1294 3193 regi
1324 3106 1458 3193 Angliae.

416 3209 457 3288 lt.
482 3208 611 3272 dantur.

1111 3434 1156 3443 -ι-

886 3604 987 3670 DLV.

501 3750 577 3815 Tne
600 3750 758 3817 Cousuns
780 3766 854 3817 aru)
877 3751 1056 3818 Couuurn
1079 3768 1122 3818 or
1145 3753 1299 3820 Lruoons
1329 3774 1371 3820 ro

826 3852 958 3919 Haunr
983 3854 1049 3920 III.

745 3994 840 4059 (noyn
852 3993 1019 4055 laturario.
1033 3998 1130 4063 2,445.)

459 4104 741 4171 Excellentissimo
779 4105 912 4170 domino
953 4127 1012 4172 suo
1052 4106 1205 4187 Henrico,
1248 4110 1310 4176 Dei
1354 4114 1462 4197 gratia

414 4207 535 4273 illustri
569 4208 639 4294 regi
669 4206 810 4293 anglie,
834 4206 968 4273 domino
1005 4208 1176 4277 Hibernia
1206 4216 1241 4276 et
1269 4212 1462 4299 Aquitaniae

414 4311 499 4387 duoi,
544 4310 690 4375 oonsrdes
737 4315 772 4375 et
816 4311 1034 4376 communitas
1081 4313 1178 4378 eastri
1224 4314 1461 4381 Lemovieensis

413 4412 525 4475 fideles
546 4414 598 4476 sui
619 4434 654 4477 se
676 4412 771 4497 ipsos,
786 4432 861 4475 eum
884 4412 973 4476 omni
997 4412 1196 4498 subjectione
1219 4418 1403 4483 reverentia
1427 4426 1461 4483 et

413 4513 542 4590 honore,
564 4514 607 4577 ad
629 4514 727 4600 pedes
749 4513 847 4601 regiae
869 4515 1058 4599 majestatis.

784 4675 1058 4684 ——m-..m

745 4748 752 4778 ¹
770 4746 871 4816 seque
881 4748 1021 4813 preceding
1033 4748 1112 4801 letter.
