3609 5800
431 878 496 940 211)
588 890 703 940 norm.
725 890 799 939 AND
822 890 939 939 O'l'HER
962 890 1168 941 Hlsrouloaa
1191 890 1336 940 Lamnas

431 1067 548 1133 melius
570 1090 725 1155 peragere
740 1069 916 1133 valeamus.
964 1067 1130 1153 Rogamus
1145 1068 1280 1155 insuper
1295 1072 1335 1133 ut
1350 1066 1485 1132 nuntios

431 1175 569 1248 nostros,
596 1192 679 1256 quos
709 1170 753 1235 ad
775 1170 951 1258 praefatum
976 1168 1146 1235 dominum
1169 1192 1279 1257 regem
1309 1192 1368 1256 pro
1398 1170 1485 1234 sacto

431 1272 522 1360 pacis
536 1272 625 1339 inter
647 1272 757 1360 ipsum
772 1279 807 1339 et
829 1295 889 1339 nos
904 1272 1000 1339 inita
1023 1272 1227 1339 destinamus
1242 1273 1486 1339 commendatos

431 1376 560 1455 habere,
583 1382 618 1442 11
640 1377 687 1442 eis
709 1377 875 1442 auxilium
898 1382 933 1441 et
950 1376 1110 1461 juvamen
1141 1397 1231 1441 more
1254 1374 1352 1440 solito
1374 1375 1411 1439 in
1432 1373 1485 1437 his

432 1502 506 1565 quae
529 1477 683 1544 dedicta
705 1479 841 1565 negotio
873 1478 1024 1543 iacienda
1055 1482 1185 1543 restant
1207 1498 1264 1543 seu
1287 1476 1486 1564 perficienda

432 1582 609 1669 benignius
630 1582 819 1667 impendere
842 1580 962 1646 velitis.
1008 1580 1106 1647 Teste
1129 1586 1167 1646 ut
1189 1602 1296 1669 supra.

861 1930 1036 1998 DXOVII.

588 2066 721 2133 Hauar
744 2067 812 2135 111.
835 2083 878 2133 ro
901 2068 1068 2134 Wrmnu
1091 2084 1134 2134 or
1157 2068 1334 2134 vimara·

265 2262 288 2311 F
302 2263 319 2312 b
338 2268 352 2312 5
633 2194 704 2257 (Rot
717 2192 1095 2257 011111.4711111.111.,111111111.
1110 2198 1140 2243 12
1152 2194 1179 2243 iu
1189 2195 1287 2257 dorso.)

288 2279 302 2312 θ
320 2300 326 2311 ·
354 2302 361 2323 ι

271 2335 342 2381 12⁶3,
479 2297 552 2362 Rex
573 2295 741 2363 Willelmo
764 2297 806 2362 da
829 2296 988 2363 Valencia
1010 2296 1106 2363 fratri
1129 2319 1196 2364 suo.

264 2411 390 2462 Wchave
478 2399 564 2465 Cum
586 2400 763 2466 vicecomes
786 2400 966 2465 Turrennae
990 2404 1024 2463 at
1040 2400 1176 2486 quidam
1198 2399 1257 2464 alii
1280 2398 1484 2465 ecclesiarum

262 2479 403 2595 ffissss,
432 2503 571 2588 pnelati,
602 2524 731 2569 necnon
774 2503 915 2567 barones
947 2506 981 2567 et
1015 2502 1141 2571 nobiles
1175 2502 1319 2589 partium
1354 2500 1485 2564 illarum

263 2612 381 2661 eountor
430 2605 473 2669 ad
519 2605 619 2671 fidem
665 2609 700 2670 et
737 2604 931 2691 homagium
969 2611 1120 2670 nostrum
1164 2608 1338 2691 gratanter
1374 2602 1486 2667 venire

263 2680 408 2795 mig,
431 2711 626 2794 proponant,
649 2706 736 2771 sicut
768 2728 829 2795 pro
861 2710 950 2771 certo
973 2704 1217 2785 intelleximus3
1240 2704 1484 2792 propterquod

264 2810 362 2889 10001,
431 2809 577 2895 ipsorum
622 2808 741 2873 honori
785 2812 820 2873 et
864 2807 1009 2873 utilitati
1053 2808 1267 2874 favorabilius
1304 2806 1485 2894 prospicere

264 2878 400 3009 {pm}
432 2910 606 2996 cupientes
628 2909 839 2998 promisimus
861 2911 909 2975 eis
931 2911 998 2975 duo
1015 2911 1120 2976 millia
1142 2910 1303 2976 librarum
1319 2911 1486 2974 Turonen-

265 3013 370 3089 11111
432 3011 519 3076 sium
541 3013 582 3077 de
604 3011 692 3077 douo
715 3017 854 3093 nostro;
876 3034 937 3078 nec
959 3033 1019 3100 pro
1043 3013 1182 3077 diversis
1203 3012 1345 3100 negotiis
1367 3011 1486 3098 quibus

265 3079 418 3209 ξζζᾞᾙ
433 3114 583 3200 occupati
606 3135 719 3178 sumus
741 3114 793 3179 his
816 3113 933 3179 diebus
963 3115 1136 3200 pecuniam
1159 3121 1346 3201 promptam
1369 3115 1487 3178 habea-

432 3237 507 3280 mus
528 3215 566 3279 in
587 3215 738 3301 partibus
760 3214 837 3296 illis,
860 3216 949 3280 unde
972 3216 1019 3280 eis
1051 3216 1238 3282 satisfacere
1261 3216 1422 3302 possimus
1443 3215 1483 3279 ad

432 3338 584 3402 praesens,
606 3316 848 3382 fraternitatem
871 3323 1015 3382 vestram
1039 3317 1214 3384 affectuose
1235 3317 1431 3404 requirimus
1453 3324 1487 3382 et

433 3439 593 3506 rogamus,
617 3424 780 3505 quatenus
802 3419 912 3485 modis
946 3419 1097 3486 omuibus
1120 3420 1292 3486 1111111111
1314 3421 1487 3507 apponatis

434 3521 522 3606 quod
568 3521 608 3586 de
645 3527 755 3586 vestro
793 3525 854 3585 aut
891 3521 1026 3587 aliunde
1064 3521 1123 3586 ubi
1161 3521 1278 3587 melius
1316 3528 1351 3587 et
1387 3522 1485 3586 citius

433 3621 587 3709 expedire
609 3622 762 3687 videritis
792 3622 940 3708 praefatis
971 3623 1139 3689 nobilibus
1173 3623 1215 3689 de
1237 3625 1328 3689 dicta
1350 3624 1487 3711 pecunia

432 3723 582 3801 satisfiat,
599 3729 700 3810 prout
714 3723 854 3789 dilectus
869 3725 1130 3810 consanguineus
1144 3729 1257 3790 noster
1273 3725 1487 3813 Reymundus

434 3828 474 3891 de
508 3825 691 3891 Bonisvilla
723 3830 759 3890 et
790 3824 961 3892 lohannes
994 3827 1034 3892 (11
1066 3826 1115 3892 La
1146 3826 1262 3914 Lynde
1293 3827 1487 3894 senescallus

433 3932 545 3994 noster
567 3928 714 4014 partium
747 3926 880 3992 illarum
914 3951 956 3993 ex
985 3934 1082 4015 parte
1104 3935 1220 3994 nostra
1242 3929 1338 3994 vobis
1360 3928 1487 4016 plenius

433 4030 641 4095 intimabunt
653 4054 662 4110 ;
699 4033 734 4094 et
768 4029 838 4108 hoc,
870 4029 957 4094 sicut
995 4031 1036 4095 de
1080 4031 1176 4096 vobis
1213 4029 1408 4096 confidimus
1452 4035 1487 4094 et

434 4131 591 4197 honorem
614 4135 649 4196 et
672 4131 854 4195 utilitatem
876 4137 1026 4196 nostram
1050 4131 1266 4198 etheredum
1299 4137 1485 4197 nostrorum

435 4234 584 4320 diligitis,
606 4233 797 4298 nullatenus
812 4233 994 4314 omittatis3
1017 4233 1134 4298 scituri
1150 4233 1237 4319 quod
1260 4255 1320 4299 nos
1344 4234 1487 4300 dedicta

435 4336 573 4421 pecunia
609 4335 705 4400 robis
742 4333 830 4399 infra
868 4333 1086 4400 Pentecosten
1124 4336 1273 4421 proximo
1311 4341 1485 4401 venturam

435 4437 672 4501 satisfaciemus
695 4436 738 4500 ud
761 4435 905 4522 plenum.
951 4436 1049 4502 Teste
1072 4443 1112 4502 ut
1135 4460 1239 4524 supra.

480 4539 605 4604 Eodem
636 4537 734 4602 modo
767 4537 924 4602 scribitur
947 4537 1096 4603 Galfrido
1131 4539 1172 4604 de
1203 4539 1360 4625 Lezynau
1392 4539 1488 4605 fratri

435 4641 531 4726 regis,
552 4646 588 4705 et
612 4639 749 4726 Hugoui
772 4639 802 4704 le
826 4639 920 4703 Brun
942 4639 1056 4705 comiti
1080 4639 1270 4732 Engolismi.

841 4827 857 4830 .-
874 4823 978 4831 -Μ-φ-
