<?xml version="1.0" encoding="UTF-8"?>
<!DOCTYPE html PUBLIC "-//W3C//DTD XHTML 1.0 Transitional//EN"
    "http://www.w3.org/TR/xhtml1/DTD/xhtml1-transitional.dtd">
<html xmlns="http://www.w3.org/1999/xhtml" xml:lang="en" lang="en">
 <head>
  <title>
</title>
<meta http-equiv="Content-Type" content="text/html;charset=utf-8" />
  <meta name='ocr-system' content='tesseract 3.04.00' />
  <meta name='ocr-capabilities' content='ocr_page ocr_carea ocr_par ocr_line ocrx_word'/>
</head>
<body>
  <div class='ocr_page' id='page_1' title='image "./royalandotherhi00shirgoog_0459.png"; bbox 0 0 3609 5800; ppageno 0'>
   <div class='ocr_carea' id='block_1_1' title="bbox 460 829 1099 899">
    <p class='ocr_par' dir='ltr' id='par_1_1' title="bbox 460 829 1099 899">
     <span class='ocr_line' id='line_1_1' title="bbox 460 829 1099 899; baseline 0.009 -7"><span class='ocrx_word' id='word_1_1' title='bbox 460 829 524 892; x_wconf 80' lang='grc'><strong>388</strong></span> <span class='ocrx_word' id='word_1_2' title='bbox 861 844 1040 896; x_wconf 77' lang='lat' dir='ltr'><strong>Arruunlx</strong></span> <span class='ocrx_word' id='word_1_3' title='bbox 1064 849 1099 899; x_wconf 86' lang='lat'><strong>11.</strong></span> 
     </span>
    </p>
   </div>
   <div class='ocr_carea' id='block_1_2' title="bbox 457 1015 1517 1263">
    <p class='ocr_par' dir='ltr' id='par_1_2' title="bbox 457 1015 1517 1263">
     <span class='ocr_line' id='line_1_2' title="bbox 457 1015 1514 1093; baseline 0.01 -24"><span class='ocrx_word' id='word_1_4' title='bbox 457 1021 578 1087; x_wconf 83' lang='lat' dir='ltr'><strong>propter</strong></span> <span class='ocrx_word' id='word_1_5' title='bbox 590 1015 723 1087; x_wconf 89' lang='lat' dir='ltr'><strong>ejusdem</strong></span> <span class='ocrx_word' id='word_1_6' title='bbox 740 1021 828 1072; x_wconf 73' lang='lat' dir='ltr'><strong>terrra</strong></span> <span class='ocrx_word' id='word_1_7' title='bbox 847 1023 968 1086; x_wconf 88' lang='lat' dir='ltr'><strong>statum,</strong></span> <span class='ocrx_word' id='word_1_8' title='bbox 989 1021 1041 1093; x_wconf 90' lang='lat' dir='ltr'><strong>qui</strong></span> <span class='ocrx_word' id='word_1_9' title='bbox 1058 1020 1181 1093; x_wconf 91' lang='lat' dir='ltr'><strong>longum</strong></span> <span class='ocrx_word' id='word_1_10' title='bbox 1198 1023 1329 1093; x_wconf 78' lang='lat' dir='ltr'><strong>requirit</strong></span> <span class='ocrx_word' id='word_1_11' title='bbox 1345 1029 1514 1090; x_wconf 56' lang='lat' dir='ltr'><strong>tractuum„</strong></span> 
     </span>
     <span class='ocr_line' id='line_1_3' title="bbox 459 1101 1517 1178; baseline 0.011 -26"><span class='ocrx_word' id='word_1_12' title='bbox 459 1103 490 1153; x_wconf 87' lang='lat' dir='ltr'><strong>et</strong></span> <span class='ocrx_word' id='word_1_13' title='bbox 504 1105 627 1171; x_wconf 90' lang='lat' dir='ltr'><strong>propter</strong></span> <span class='ocrx_word' id='word_1_14' title='bbox 645 1101 779 1171; x_wconf 71' lang='lat' dir='ltr'><strong>quaedam</strong></span> <span class='ocrx_word' id='word_1_15' title='bbox 797 1101 856 1156; x_wconf 91' lang='lat' dir='ltr'><strong>alia</strong></span> <span class='ocrx_word' id='word_1_16' title='bbox 872 1103 1005 1174; x_wconf 79' lang='lat' dir='ltr'><strong>pericula</strong></span> <span class='ocrx_word' id='word_1_17' title='bbox 1017 1103 1201 1172; x_wconf 87' lang='lat' dir='ltr'><strong>intermedia,</strong></span> <span class='ocrx_word' id='word_1_18' title='bbox 1214 1107 1273 1178; x_wconf 84' lang='lat' dir='ltr'><strong>ipsi</strong></span> <span class='ocrx_word' id='word_1_19' title='bbox 1285 1112 1430 1162; x_wconf 88' lang='lat' dir='ltr'><strong>eteorum</strong></span> <span class='ocrx_word' id='word_1_20' title='bbox 1440 1109 1517 1164; x_wconf 90' lang='lat' dir='ltr'><strong>bona</strong></span> 
     </span>
     <span class='ocr_line' id='line_1_4' title="bbox 458 1181 1517 1263; baseline 0.011 -28"><span class='ocrx_word' id='word_1_21' title='bbox 458 1181 490 1235; x_wconf 86' lang='lat' dir='ltr'><strong>in</strong></span> <span class='ocrx_word' id='word_1_22' title='bbox 508 1181 645 1239; x_wconf 86' lang='lat' dir='ltr'><strong>districtu</strong></span> <span class='ocrx_word' id='word_1_23' title='bbox 662 1191 762 1240; x_wconf 91' lang='lat' dir='ltr'><strong>nostro</strong></span> <span class='ocrx_word' id='word_1_24' title='bbox 780 1186 936 1242; x_wconf 72' lang='lat' dir='ltr'>existentia</span> <span class='ocrx_word' id='word_1_25' title='bbox 953 1205 1049 1259; x_wconf 88' lang='lat' dir='ltr'><strong>usque</strong></span> <span class='ocrx_word' id='word_1_26' title='bbox 1066 1188 1241 1260; x_wconf 73' lang='lat' dir='ltr'><strong>praedictum</strong></span> <span class='ocrx_word' id='word_1_27' title='bbox 1264 1191 1373 1246; x_wconf 77' lang='lat' dir='ltr'><strong>festum</strong></span> <span class='ocrx_word' id='word_1_28' title='bbox 1396 1209 1468 1263; x_wconf 90' lang='lat' dir='ltr'><strong>pace</strong></span> <span class='ocrx_word' id='word_1_29' title='bbox 1486 1198 1517 1248; x_wconf 85' lang='lat' dir='ltr'><strong>et</strong></span> 
     </span>
    </p>
   </div>
   <div class='ocr_carea' id='block_1_3' title="bbox 459 1266 1515 1422">
    <p class='ocr_par' dir='ltr' id='par_1_3' title="bbox 459 1266 1515 1422">
     <span class='ocr_line' id='line_1_5' title="bbox 459 1266 1515 1346; baseline 0.01 -26"><span class='ocrx_word' id='word_1_30' title='bbox 459 1266 673 1336; x_wconf 74' lang='lat' dir='ltr'><strong>tranquillitate</strong></span> <span class='ocrx_word' id='word_1_31' title='bbox 691 1267 836 1324; x_wconf 68' lang='lat' dir='ltr'><strong>laetentur.</strong></span> <span class='ocrx_word' id='word_1_32' title='bbox 875 1269 913 1325; x_wconf 93' lang='lat' dir='ltr'><strong>In</strong></span> <span class='ocrx_word' id='word_1_33' title='bbox 928 1269 1024 1342; x_wconf 85' lang='lat' dir='ltr'><strong>cujus,</strong></span> <span class='ocrx_word' id='word_1_34' title='bbox 1038 1277 1094 1328; x_wconf 86' lang='lat' dir='ltr'><strong>etc.</strong></span> <span class='ocrx_word' id='word_1_35' title='bbox 1132 1274 1220 1330; x_wconf 80' lang='lat' dir='ltr'><strong>&#39;l&#39;este</strong></span> <span class='ocrx_word' id='word_1_36' title='bbox 1237 1291 1310 1345; x_wconf 89' lang='lat' dir='ltr'><strong>rege</strong></span> <span class='ocrx_word' id='word_1_37' title='bbox 1329 1274 1408 1346; x_wconf 89' lang='lat' dir='ltr'><strong>apud</strong></span> <span class='ocrx_word' id='word_1_38' title='bbox 1419 1275 1515 1332; x_wconf 83' lang='lat' dir='ltr'><strong>West·</strong></span> 
     </span>
     <span class='ocr_line' id='line_1_6' title="bbox 460 1351 1054 1422; baseline 0.01 -18"><span class='ocrx_word' id='word_1_39' title='bbox 460 1351 678 1416; x_wconf 80' lang='lat' dir='ltr'><strong>monasterium,</strong></span> <span class='ocrx_word' id='word_1_40' title='bbox 700 1352 886 1422; x_wconf 89' lang='lat' dir='ltr'><strong>quindecimo</strong></span> <span class='ocrx_word' id='word_1_41' title='bbox 905 1354 954 1411; x_wconf 92' lang='lat' dir='ltr'><strong>die</strong></span> <span class='ocrx_word' id='word_1_42' title='bbox 971 1355 1054 1410; x_wconf 84' lang='lat' dir='ltr'><strong>Maii.</strong></span> 
     </span>
    </p>
   </div>
   <div class='ocr_carea' id='block_1_4' title="bbox 595 1536 1389 1730">
    <p class='ocr_par' dir='ltr' id='par_1_4' title="bbox 595 1536 1389 1730">
     <span class='ocr_line' id='line_1_7' title="bbox 921 1536 1047 1597; baseline 0.016 -2"><span class='ocrx_word' id='word_1_43' title='bbox 921 1536 982 1596; x_wconf 86' lang='lat' dir='ltr'><strong>No.</strong></span> <span class='ocrx_word' id='word_1_44' title='bbox 1000 1540 1047 1597; x_wconf 90' lang='lat'><strong>19.</strong></span> 
     </span>
     <span class='ocr_line' id='line_1_8' title="bbox 595 1659 1389 1730; baseline 0.005 -18"><span class='ocrx_word' id='word_1_45' title='bbox 595 1659 665 1724; x_wconf 84' lang='lat' dir='ltr'><strong>(Rot</strong></span> <span class='ocrx_word' id='word_1_46' title='bbox 678 1659 762 1714; x_wconf 65' lang='lat' dir='ltr'><strong>Clare.</strong></span> <span class='ocrx_word' id='word_1_47' title='bbox 774 1666 806 1712; x_wconf 82' lang='grc'><strong>36</strong></span> <span class='ocrx_word' id='word_1_48' title='bbox 818 1661 885 1712; x_wconf 86' lang='lat' dir='ltr'><strong>Heu.</strong></span> <span class='ocrx_word' id='word_1_49' title='bbox 897 1661 957 1725; x_wconf 81' lang='lat' dir='ltr'><strong>HL,</strong></span> <span class='ocrx_word' id='word_1_50' title='bbox 967 1665 1059 1714; x_wconf 89' lang='lat' dir='ltr'><strong>memb.</strong></span> <span class='ocrx_word' id='word_1_51' title='bbox 1074 1668 1104 1715; x_wconf 83' lang='grc'><strong>16</strong></span> <span class='ocrx_word' id='word_1_52' title='bbox 1116 1663 1144 1714; x_wconf 89' lang='lat' dir='ltr'><strong>in</strong></span> <span class='ocrx_word' id='word_1_53' title='bbox 1155 1665 1229 1715; x_wconf 83' lang='lat' dir='ltr'><strong>dorso</strong></span> <span class='ocrx_word' id='word_1_54' title='bbox 1240 1663 1268 1714; x_wconf 85' lang='lat' dir='ltr'><strong>in</strong></span> <span class='ocrx_word' id='word_1_55' title='bbox 1279 1665 1389 1730; x_wconf 74' lang='lat' dir='ltr'><strong>cedula)</strong></span> 
     </span>
    </p>
   </div>
   <div class='ocr_carea' id='block_1_5' title="bbox 290 1775 1516 4696">
    <p class='ocr_par' dir='ltr' id='par_1_5' title="bbox 293 1775 1514 1852">
     <span class='ocr_line' id='line_1_9' title="bbox 293 1775 1514 1852; baseline 0 -18"><span class='ocrx_word' id='word_1_56' title='bbox 293 1789 449 1843; x_wconf 59' lang='lat' dir='ltr'><strong>urrunsa,</strong></span> <span class='ocrx_word' id='word_1_57' title='bbox 495 1777 653 1844; x_wconf 88' lang='lat' dir='ltr'><strong>Henricus,</strong></span> <span class='ocrx_word' id='word_1_58' title='bbox 674 1775 731 1833; x_wconf 87' lang='lat' dir='ltr'><strong>Dei</strong></span> <span class='ocrx_word' id='word_1_59' title='bbox 758 1779 855 1850; x_wconf 88' lang='lat' dir='ltr'><strong>gratia</strong></span> <span class='ocrx_word' id='word_1_60' title='bbox 879 1795 932 1834; x_wconf 85' lang='lat' dir='ltr'><strong>rex</strong></span> <span class='ocrx_word' id='word_1_61' title='bbox 958 1779 1086 1852; x_wconf 80' lang='lat' dir='ltr'><strong>Angliae,</strong></span> <span class='ocrx_word' id='word_1_62' title='bbox 1105 1780 1240 1837; x_wconf 86' lang='lat' dir='ltr'><strong>dominus</strong></span> <span class='ocrx_word' id='word_1_63' title='bbox 1267 1781 1430 1845; x_wconf 70' lang='lat' dir='ltr'><strong>Hiberniae,</strong></span> <span class='ocrx_word' id='word_1_64' title='bbox 1456 1779 1514 1835; x_wconf 87' lang='lat' dir='ltr'><strong>dux</strong></span> 
     </span>
    </p>

    <p class='ocr_par' dir='ltr' id='par_1_6' title="bbox 291 1860 1514 1936">
     <span class='ocr_line' id='line_1_10' title="bbox 291 1860 1514 1936; baseline 0.001 -18"><span class='ocrx_word' id='word_1_65' title='bbox 291 1865 429 1918; x_wconf 62' lang='lat' dir='ltr'><strong>emanent</strong></span> <span class='ocrx_word' id='word_1_66' title='bbox 459 1860 657 1927; x_wconf 82' lang='lat' dir='ltr'><strong>Normannise,</strong></span> <span class='ocrx_word' id='word_1_67' title='bbox 689 1861 888 1932; x_wconf 73' lang='lat' dir='ltr'><strong>squamata,</strong></span> <span class='ocrx_word' id='word_1_68' title='bbox 917 1869 950 1918; x_wconf 90' lang='lat' dir='ltr'><strong>et</strong></span> <span class='ocrx_word' id='word_1_69' title='bbox 974 1881 1072 1919; x_wconf 91' lang='lat' dir='ltr'><strong>comes</strong></span> <span class='ocrx_word' id='word_1_70' title='bbox 1097 1865 1288 1936; x_wconf 82' lang='lat' dir='ltr'><strong>Andagavioe,</strong></span> <span class='ocrx_word' id='word_1_71' title='bbox 1317 1864 1453 1921; x_wconf 87' lang='lat' dir='ltr'><strong>omuibus</strong></span> <span class='ocrx_word' id='word_1_72' title='bbox 1476 1865 1514 1920; x_wconf 86' lang='lat' dir='ltr'><strong>ad</strong></span> 
     </span>
    </p>

    <p class='ocr_par' dir='ltr' id='par_1_7' title="bbox 291 1918 1185 2059">
     <span class='ocr_line' id='line_1_11' title="bbox 291 1918 1185 2059; baseline 0.004 -59"><span class='ocrx_word' id='word_1_73' title='bbox 291 1918 428 2059; x_wconf 52' lang='grc' dir='ltr'><strong>’ἓξιιῗοᾙο</strong></span> <span class='ocrx_word' id='word_1_74' title='bbox 458 1963 532 2017; x_wconf 92' lang='lat' dir='ltr'><strong>quos</strong></span> <span class='ocrx_word' id='word_1_75' title='bbox 551 1951 711 2016; x_wconf 73' lang='lat' dir='ltr'><strong>praesentes</strong></span> <span class='ocrx_word' id='word_1_76' title='bbox 729 1945 824 2000; x_wconf 81' lang='lat' dir='ltr'><strong>literae</strong></span> <span class='ocrx_word' id='word_1_77' title='bbox 841 1947 1032 2016; x_wconf 78' lang='lat' dir='ltr'><strong>pervenerint</strong></span> <span class='ocrx_word' id='word_1_78' title='bbox 1050 1948 1185 2004; x_wconf 88' lang='lat' dir='ltr'><strong>salutem.</strong></span> 
     </span>
    </p>

    <p class='ocr_par' dir='ltr' id='par_1_8' title="bbox 291 2017 1514 2112">
     <span class='ocr_line' id='line_1_12' title="bbox 291 2017 1514 2112; baseline 0.002 -29"><span class='ocrx_word' id='word_1_79' title='bbox 291 2017 408 2112; x_wconf 49' lang='lat' dir='ltr'><strong>gflgffi·</strong></span> <span class='ocrx_word' id='word_1_80' title='bbox 495 2027 579 2083; x_wconf 81' lang='lat' dir='ltr'><strong>Licet</strong></span> <span class='ocrx_word' id='word_1_81' title='bbox 597 2027 764 2084; x_wconf 83' lang='lat' dir='ltr'><strong>Gaillardus</strong></span> <span class='ocrx_word' id='word_1_82' title='bbox 783 2029 820 2084; x_wconf 90' lang='lat' dir='ltr'><strong>de</strong></span> <span class='ocrx_word' id='word_1_83' title='bbox 839 2029 929 2095; x_wconf 87' lang='lat' dir='ltr'><strong>Solio,</strong></span> <span class='ocrx_word' id='word_1_84' title='bbox 949 2030 1117 2087; x_wconf 78' lang='lat' dir='ltr'><strong>willelmus</strong></span> <span class='ocrx_word' id='word_1_85' title='bbox 1135 2031 1259 2087; x_wconf 83' lang='lat' dir='ltr'><strong>Ernaldi</strong></span> <span class='ocrx_word' id='word_1_86' title='bbox 1275 2032 1441 2097; x_wconf 85' lang='lat' dir='ltr'><strong>monetarii,</strong></span> <span class='ocrx_word' id='word_1_87' title='bbox 1459 2033 1514 2086; x_wconf 85' lang='lat' dir='ltr'><strong>Er·</strong></span> 
     </span>
    </p>

    <p class='ocr_par' dir='ltr' id='par_1_9' title="bbox 290 2112 1516 3342">
     <span class='ocr_line' id='line_1_13' title="bbox 290 2112 1512 2187; baseline 0.001 -19"><span class='ocrx_word' id='word_1_88' title='bbox 290 2117 375 2168; x_wconf 73' lang='lat' dir='ltr'><strong>tllegal.</strong></span> <span class='ocrx_word' id='word_1_89' title='bbox 458 2112 563 2168; x_wconf 86' lang='lat' dir='ltr'><strong>neldus</strong></span> <span class='ocrx_word' id='word_1_90' title='bbox 581 2113 752 2184; x_wconf 83' lang='lat' dir='ltr'><strong>Meyseuge‚</strong></span> <span class='ocrx_word' id='word_1_91' title='bbox 778 2118 809 2168; x_wconf 90' lang='lat' dir='ltr'><strong>et</strong></span> <span class='ocrx_word' id='word_1_92' title='bbox 826 2113 945 2169; x_wconf 88' lang='lat' dir='ltr'><strong>Brunus</strong></span> <span class='ocrx_word' id='word_1_93' title='bbox 970 2113 1004 2168; x_wconf 91' lang='lat' dir='ltr'><strong>in</strong></span> <span class='ocrx_word' id='word_1_94' title='bbox 1030 2113 1169 2180; x_wconf 84' lang='lat' dir='ltr'><strong>Ghausat,</strong></span> <span class='ocrx_word' id='word_1_95' title='bbox 1190 2121 1221 2170; x_wconf 89' lang='lat' dir='ltr'><strong>et</strong></span> <span class='ocrx_word' id='word_1_96' title='bbox 1237 2116 1337 2187; x_wconf 87' lang='lat' dir='ltr'><strong>plnres</strong></span> <span class='ocrx_word' id='word_1_97' title='bbox 1356 2115 1408 2171; x_wconf 89' lang='lat' dir='ltr'><strong>alii</strong></span> <span class='ocrx_word' id='word_1_98' title='bbox 1425 2115 1512 2171; x_wconf 89' lang='lat' dir='ltr'><strong>amici</strong></span> 
     </span>
     <span class='ocr_line' id='line_1_14' title="bbox 458 2194 1516 2270; baseline 0.003 -19"><span class='ocrx_word' id='word_1_99' title='bbox 458 2194 531 2252; x_wconf 89' lang='lat' dir='ltr'><strong>dicti</strong></span> <span class='ocrx_word' id='word_1_100' title='bbox 543 2195 686 2251; x_wconf 83' lang='lat' dir='ltr'><strong>Gaillardi</strong></span> <span class='ocrx_word' id='word_1_101' title='bbox 705 2196 741 2251; x_wconf 91' lang='lat' dir='ltr'><strong>de</strong></span> <span class='ocrx_word' id='word_1_102' title='bbox 758 2196 891 2268; x_wconf 90' lang='lat' dir='ltr'><strong>partibus</strong></span> <span class='ocrx_word' id='word_1_103' title='bbox 903 2196 1076 2263; x_wconf 78' lang='lat' dir='ltr'><strong>wasconie,</strong></span> <span class='ocrx_word' id='word_1_104' title='bbox 1089 2215 1142 2270; x_wconf 85' lang='lat' dir='ltr'><strong>per</strong></span> <span class='ocrx_word' id='word_1_105' title='bbox 1160 2204 1256 2254; x_wconf 87' lang='lat' dir='ltr'><strong>cartas</strong></span> <span class='ocrx_word' id='word_1_106' title='bbox 1273 2204 1304 2254; x_wconf 89' lang='lat' dir='ltr'><strong>et</strong></span> <span class='ocrx_word' id='word_1_107' title='bbox 1321 2199 1516 2254; x_wconf 85' lang='lat' dir='ltr'><strong>instrumenta</strong></span> 
     </span>
     <span class='ocr_line' id='line_1_15' title="bbox 458 2278 1516 2352; baseline 0.002 -18"><span class='ocrx_word' id='word_1_108' title='bbox 458 2280 591 2352; x_wconf 79' lang='lat' dir='ltr'><strong>proestita</strong></span> <span class='ocrx_word' id='word_1_109' title='bbox 620 2280 675 2335; x_wconf 91' lang='lat' dir='ltr'><strong>sub</strong></span> <span class='ocrx_word' id='word_1_110' title='bbox 700 2278 865 2335; x_wconf 80' lang='lat' dir='ltr'><strong>incursione</strong></span> <span class='ocrx_word' id='word_1_111' title='bbox 893 2298 1049 2352; x_wconf 85' lang='lat' dir='ltr'><strong>corporum</strong></span> <span class='ocrx_word' id='word_1_112' title='bbox 1075 2288 1106 2337; x_wconf 90' lang='lat' dir='ltr'><strong>et</strong></span> <span class='ocrx_word' id='word_1_113' title='bbox 1131 2299 1232 2336; x_wconf 87' lang='lat' dir='ltr'><strong>rerum</strong></span> <span class='ocrx_word' id='word_1_114' title='bbox 1258 2299 1379 2338; x_wconf 78' lang='lat' dir='ltr'><strong>suasum</strong></span> <span class='ocrx_word' id='word_1_115' title='bbox 1408 2300 1441 2338; x_wconf 93' lang='lat' dir='ltr'><strong>se</strong></span> <span class='ocrx_word' id='word_1_116' title='bbox 1470 2299 1516 2336; x_wconf 91' lang='lat' dir='ltr'><strong>as·</strong></span> 
     </span>
     <span class='ocr_line' id='line_1_16' title="bbox 457 2363 1516 2431; baseline 0 -12"><span class='ocrx_word' id='word_1_117' title='bbox 457 2364 613 2420; x_wconf 86' lang='lat' dir='ltr'><strong>trinxerint</strong></span> <span class='ocrx_word' id='word_1_118' title='bbox 630 2364 738 2419; x_wconf 86' lang='lat' dir='ltr'><strong>dilecto</strong></span> <span class='ocrx_word' id='word_1_119' title='bbox 756 2369 786 2419; x_wconf 93' lang='lat' dir='ltr'><strong>et</strong></span> <span class='ocrx_word' id='word_1_120' title='bbox 803 2363 884 2418; x_wconf 88' lang='lat' dir='ltr'><strong>fideli</strong></span> <span class='ocrx_word' id='word_1_121' title='bbox 901 2371 1002 2420; x_wconf 91' lang='lat' dir='ltr'><strong>nostro</strong></span> <span class='ocrx_word' id='word_1_122' title='bbox 1015 2365 1128 2421; x_wconf 87' lang='lat' dir='ltr'><strong>Simoni</strong></span> <span class='ocrx_word' id='word_1_123' title='bbox 1140 2365 1177 2421; x_wconf 88' lang='lat' dir='ltr'><strong>de</strong></span> <span class='ocrx_word' id='word_1_124' title='bbox 1188 2366 1290 2421; x_wconf 83' lang='lat' dir='ltr'><strong>Monte</strong></span> <span class='ocrx_word' id='word_1_125' title='bbox 1307 2366 1401 2431; x_wconf 86' lang='lat' dir='ltr'><strong>Forti,</strong></span> <span class='ocrx_word' id='word_1_126' title='bbox 1415 2365 1516 2420; x_wconf 89' lang='lat' dir='ltr'><strong>comiti</strong></span> 
     </span>
     <span class='ocr_line' id='line_1_17' title="bbox 458 2447 1515 2520; baseline 0 -18"><span class='ocrx_word' id='word_1_127' title='bbox 458 2448 637 2513; x_wconf 78' lang='lat' dir='ltr'><strong>Leicestriae,</strong></span> <span class='ocrx_word' id='word_1_128' title='bbox 652 2447 812 2504; x_wconf 86' lang='lat' dir='ltr'><strong>senescallo</strong></span> <span class='ocrx_word' id='word_1_129' title='bbox 830 2453 931 2504; x_wconf 89' lang='lat' dir='ltr'><strong>nostro</strong></span> <span class='ocrx_word' id='word_1_130' title='bbox 942 2448 1115 2512; x_wconf 77' lang='lat' dir='ltr'><strong>Wasconiae,</strong></span> <span class='ocrx_word' id='word_1_131' title='bbox 1131 2466 1219 2520; x_wconf 87' lang='lat' dir='ltr'><strong>super</strong></span> <span class='ocrx_word' id='word_1_132' title='bbox 1230 2448 1515 2519; x_wconf 75' lang='lat' dir='ltr'><strong>transgressionibus</strong></span> 
     </span>
     <span class='ocr_line' id='line_1_18' title="bbox 459 2530 1515 2604; baseline -0.003 -16"><span class='ocrx_word' id='word_1_133' title='bbox 459 2550 511 2588; x_wconf 87' lang='lat' dir='ltr'><strong>seu</strong></span> <span class='ocrx_word' id='word_1_134' title='bbox 529 2532 646 2603; x_wconf 89' lang='lat' dir='ltr'><strong>injuriis</strong></span> <span class='ocrx_word' id='word_1_135' title='bbox 660 2533 746 2587; x_wconf 91' lang='lat' dir='ltr'><strong>eisin</strong></span> <span class='ocrx_word' id='word_1_136' title='bbox 757 2537 837 2586; x_wconf 89' lang='lat' dir='ltr'><strong>terra</strong></span> <span class='ocrx_word' id='word_1_137' title='bbox 856 2537 957 2586; x_wconf 85' lang='lat' dir='ltr'><strong>nostra</strong></span> <span class='ocrx_word' id='word_1_138' title='bbox 968 2531 1132 2588; x_wconf 82' lang='lat' dir='ltr'><strong>Wasconire</strong></span> <span class='ocrx_word' id='word_1_139' title='bbox 1149 2532 1289 2604; x_wconf 85' lang='lat' dir='ltr'><strong>irrogatis</strong></span> <span class='ocrx_word' id='word_1_140' title='bbox 1307 2530 1386 2604; x_wconf 89' lang='lat' dir='ltr'><strong>apud</strong></span> <span class='ocrx_word' id='word_1_141' title='bbox 1402 2549 1455 2587; x_wconf 90' lang='lat' dir='ltr'><strong>uos</strong></span> <span class='ocrx_word' id='word_1_142' title='bbox 1467 2531 1515 2586; x_wconf 88' lang='lat' dir='ltr'><strong>vel</strong></span> 
     </span>
     <span class='ocr_line' id='line_1_19' title="bbox 459 2614 1515 2686; baseline -0.002 -15"><span class='ocrx_word' id='word_1_143' title='bbox 459 2616 531 2671; x_wconf 88' lang='lat' dir='ltr'><strong>alios</strong></span> <span class='ocrx_word' id='word_1_144' title='bbox 550 2615 746 2686; x_wconf 70' lang='lat' dir='ltr'><strong>querimonias</strong></span> <span class='ocrx_word' id='word_1_145' title='bbox 765 2633 834 2670; x_wconf 89' lang='lat' dir='ltr'><strong>suas</strong></span> <span class='ocrx_word' id='word_1_146' title='bbox 858 2615 973 2670; x_wconf 79' lang='lat' dir='ltr'><strong>deferre</strong></span> <span class='ocrx_word' id='word_1_147' title='bbox 990 2634 1049 2671; x_wconf 94' lang='lat' dir='ltr'><strong>non</strong></span> <span class='ocrx_word' id='word_1_148' title='bbox 1066 2614 1189 2681; x_wconf 85' lang='lat' dir='ltr'><strong>debere;</strong></span> <span class='ocrx_word' id='word_1_149' title='bbox 1214 2616 1400 2671; x_wconf 74' lang='lat' dir='ltr'><strong>advertentes</strong></span> <span class='ocrx_word' id='word_1_150' title='bbox 1417 2621 1515 2670; x_wconf 88' lang='lat' dir='ltr'><strong>tamen</strong></span> 
     </span>
     <span class='ocr_line' id='line_1_20' title="bbox 458 2698 1514 2772; baseline -0.001 -18"><span class='ocrx_word' id='word_1_151' title='bbox 458 2700 622 2770; x_wconf 89' lang='lat' dir='ltr'><strong>pericnlum</strong></span> <span class='ocrx_word' id='word_1_152' title='bbox 653 2699 730 2770; x_wconf 93' lang='lat' dir='ltr'><strong>quod</strong></span> <span class='ocrx_word' id='word_1_153' title='bbox 760 2699 843 2754; x_wconf 90' lang='lat' dir='ltr'><strong>nobis</strong></span> <span class='ocrx_word' id='word_1_154' title='bbox 874 2707 906 2754; x_wconf 90' lang='lat' dir='ltr'><strong>et</strong></span> <span class='ocrx_word' id='word_1_155' title='bbox 933 2699 1092 2755; x_wconf 86' lang='lat' dir='ltr'><strong>heredibus</strong></span> <span class='ocrx_word' id='word_1_156' title='bbox 1122 2699 1232 2755; x_wconf 85' lang='lat' dir='ltr'><strong>nostris</strong></span> <span class='ocrx_word' id='word_1_157' title='bbox 1262 2717 1315 2772; x_wconf 87' lang='lat' dir='ltr'><strong>per</strong></span> <span class='ocrx_word' id='word_1_158' title='bbox 1344 2698 1514 2770; x_wconf 86' lang='lat' dir='ltr'><strong>hujusmodi</strong></span> 
     </span>
     <span class='ocr_line' id='line_1_21' title="bbox 459 2783 1514 2856; baseline -0.001 -19"><span class='ocrx_word' id='word_1_159' title='bbox 459 2784 584 2838; x_wconf 83' lang='lat' dir='ltr'><strong>formam</strong></span> <span class='ocrx_word' id='word_1_160' title='bbox 602 2783 791 2854; x_wconf 75' lang='lat' dir='ltr'><strong>obligationis</strong></span> <span class='ocrx_word' id='word_1_161' title='bbox 803 2787 904 2854; x_wconf 88' lang='lat' dir='ltr'><strong>posset</strong></span> <span class='ocrx_word' id='word_1_162' title='bbox 915 2800 1055 2855; x_wconf 91' lang='lat' dir='ltr'><strong>processu</strong></span> <span class='ocrx_word' id='word_1_163' title='bbox 1072 2785 1214 2856; x_wconf 87' lang='lat' dir='ltr'><strong>temporis</strong></span> <span class='ocrx_word' id='word_1_164' title='bbox 1231 2784 1396 2847; x_wconf 88' lang='lat' dir='ltr'><strong>imminere,</strong></span> <span class='ocrx_word' id='word_1_165' title='bbox 1417 2783 1514 2855; x_wconf 86' lang='lat' dir='ltr'><strong>ipsum</strong></span> 
     </span>
     <span class='ocr_line' id='line_1_22' title="bbox 459 2865 1513 2942; baseline -0.003 -19"><span class='ocrx_word' id='word_1_166' title='bbox 459 2865 642 2923; x_wconf 77' lang='lat' dir='ltr'><strong>Gaillardum</strong></span> <span class='ocrx_word' id='word_1_167' title='bbox 660 2873 691 2924; x_wconf 90' lang='lat' dir='ltr'><strong>et</strong></span> <span class='ocrx_word' id='word_1_168' title='bbox 708 2866 890 2923; x_wconf 83' lang='lat' dir='ltr'><strong>collaterales</strong></span> <span class='ocrx_word' id='word_1_169' title='bbox 911 2885 980 2923; x_wconf 89' lang='lat' dir='ltr'><strong>suos</strong></span> <span class='ocrx_word' id='word_1_170' title='bbox 998 2867 1155 2940; x_wconf 73' lang='lat' dir='ltr'><strong>predictos</strong></span> <span class='ocrx_word' id='word_1_171' title='bbox 1174 2873 1205 2924; x_wconf 90' lang='lat' dir='ltr'><strong>et</strong></span> <span class='ocrx_word' id='word_1_172' title='bbox 1222 2867 1366 2942; x_wconf 85' lang='lat' dir='ltr'><strong>quosdam</strong></span> <span class='ocrx_word' id='word_1_173' title='bbox 1383 2866 1457 2922; x_wconf 84' lang='lat' dir='ltr'><strong>ahos</strong></span> <span class='ocrx_word' id='word_1_174' title='bbox 1477 2865 1513 2921; x_wconf 91' lang='lat' dir='ltr'><strong>de</strong></span> 
     </span>
     <span class='ocr_line' id='line_1_23' title="bbox 456 2951 1512 3023; baseline -0.001 -17"><span class='ocrx_word' id='word_1_175' title='bbox 456 2951 591 3022; x_wconf 89' lang='lat' dir='ltr'><strong>partibus</strong></span> <span class='ocrx_word' id='word_1_176' title='bbox 608 2951 771 3007; x_wconf 79' lang='lat' dir='ltr'><strong>Wasconite</strong></span> <span class='ocrx_word' id='word_1_177' title='bbox 788 2968 842 3022; x_wconf 90' lang='lat' dir='ltr'><strong>pro</strong></span> <span class='ocrx_word' id='word_1_178' title='bbox 861 2951 1038 3022; x_wconf 90' lang='lat' dir='ltr'><strong>quibusdam</strong></span> <span class='ocrx_word' id='word_1_179' title='bbox 1056 2951 1174 3023; x_wconf 87' lang='lat' dir='ltr'><strong>injuriis</strong></span> <span class='ocrx_word' id='word_1_180' title='bbox 1192 2952 1302 3006; x_wconf 89' lang='lat' dir='ltr'><strong>ibidem</strong></span> <span class='ocrx_word' id='word_1_181' title='bbox 1321 2951 1512 3021; x_wconf 87' lang='lat' dir='ltr'><strong>attemptatis,</strong></span> 
     </span>
     <span class='ocr_line' id='line_1_24' title="bbox 458 3034 1510 3107; baseline -0.001 -17"><span class='ocrx_word' id='word_1_182' title='bbox 458 3034 536 3091; x_wconf 89' lang='lat' dir='ltr'><strong>sicut</strong></span> <span class='ocrx_word' id='word_1_183' title='bbox 561 3034 769 3097; x_wconf 84' lang='lat' dir='ltr'><strong>intelleximus,</strong></span> <span class='ocrx_word' id='word_1_184' title='bbox 798 3034 836 3089; x_wconf 87' lang='lat' dir='ltr'><strong>ed</strong></span> <span class='ocrx_word' id='word_1_185' title='bbox 861 3041 994 3091; x_wconf 88' lang='lat' dir='ltr'><strong>nostram</strong></span> <span class='ocrx_word' id='word_1_186' title='bbox 1018 3035 1143 3091; x_wconf 84' lang='lat' dir='ltr'><strong>fecimus</strong></span> <span class='ocrx_word' id='word_1_187' title='bbox 1169 3035 1359 3107; x_wconf 71' lang='lat' dir='ltr'><strong>praesentiam</strong></span> <span class='ocrx_word' id='word_1_188' title='bbox 1384 3036 1510 3098; x_wconf 85' lang='lat' dir='ltr'><strong>evocari,</strong></span> 
     </span>
     <span class='ocr_line' id='line_1_25' title="bbox 456 3117 1513 3190; baseline 0 -17"><span class='ocrx_word' id='word_1_189' title='bbox 456 3118 645 3190; x_wconf 81' lang='lat' dir='ltr'><strong>injungentes</strong></span> <span class='ocrx_word' id='word_1_190' title='bbox 664 3117 776 3173; x_wconf 91' lang='lat' dir='ltr'><strong>eisdem</strong></span> <span class='ocrx_word' id='word_1_191' title='bbox 795 3118 875 3190; x_wconf 88' lang='lat' dir='ltr'><strong>quod</strong></span> <span class='ocrx_word' id='word_1_192' title='bbox 892 3136 952 3174; x_wconf 90' lang='lat' dir='ltr'><strong>uon</strong></span> <span class='ocrx_word' id='word_1_193' title='bbox 969 3119 1153 3175; x_wconf 84' lang='lat' dir='ltr'><strong>obstantibus</strong></span> <span class='ocrx_word' id='word_1_194' title='bbox 1171 3118 1322 3190; x_wconf 69' lang='lat' dir='ltr'><strong>praedictis</strong></span> <span class='ocrx_word' id='word_1_195' title='bbox 1336 3118 1513 3189; x_wconf 88' lang='lat' dir='ltr'><strong>juramentis</strong></span> 
     </span>
     <span class='ocr_line' id='line_1_26' title="bbox 458 3201 1513 3273; baseline -0.001 -16"><span class='ocrx_word' id='word_1_196' title='bbox 458 3208 488 3257; x_wconf 87' lang='lat' dir='ltr'><strong>et</strong></span> <span class='ocrx_word' id='word_1_197' title='bbox 506 3202 734 3273; x_wconf 83' lang='lat' dir='ltr'><strong>obligationibus</strong></span> <span class='ocrx_word' id='word_1_198' title='bbox 753 3219 926 3258; x_wconf 84' lang='lat' dir='ltr'><strong>excessuum</strong></span> <span class='ocrx_word' id='word_1_199' title='bbox 944 3220 1048 3258; x_wconf 70' lang='lat' dir='ltr'><strong>musas</strong></span> <span class='ocrx_word' id='word_1_200' title='bbox 1067 3210 1098 3259; x_wconf 87' lang='lat' dir='ltr'><strong>et</strong></span> <span class='ocrx_word' id='word_1_201' title='bbox 1114 3203 1292 3273; x_wconf 87' lang='lat' dir='ltr'><strong>injuriarum</strong></span> <span class='ocrx_word' id='word_1_202' title='bbox 1309 3201 1441 3257; x_wconf 89' lang='lat' dir='ltr'><strong>remedia</strong></span> <span class='ocrx_word' id='word_1_203' title='bbox 1458 3201 1513 3257; x_wconf 90' lang='lat' dir='ltr'><strong>sub</strong></span> 
     </span>
     <span class='ocr_line' id='line_1_27' title="bbox 457 3285 1095 3342; baseline 0.002 -1"><span class='ocrx_word' id='word_1_204' title='bbox 457 3286 556 3342; x_wconf 89' lang='lat' dir='ltr'><strong>verbis</strong></span> <span class='ocrx_word' id='word_1_205' title='bbox 574 3285 642 3340; x_wconf 83' lang='lat' dir='ltr'><strong>fidei</strong></span> <span class='ocrx_word' id='word_1_206' title='bbox 660 3286 744 3341; x_wconf 87' lang='lat' dir='ltr'><strong>nobis</strong></span> <span class='ocrx_word' id='word_1_207' title='bbox 762 3285 909 3342; x_wconf 87' lang='lat' dir='ltr'><strong>veraciter</strong></span> <span class='ocrx_word' id='word_1_208' title='bbox 927 3286 1095 3342; x_wconf 88' lang='lat' dir='ltr'><strong>enodarent.</strong></span> 
     </span>
    </p>

    <p class='ocr_par' dir='ltr' id='par_1_10' title="bbox 454 3368 1514 4696">
     <span class='ocr_line' id='line_1_28' title="bbox 492 3368 1511 3442; baseline -0.001 -17"><span class='ocrx_word' id='word_1_209' title='bbox 492 3369 634 3426; x_wconf 87' lang='lat' dir='ltr'><strong>Nolentes</strong></span> <span class='ocrx_word' id='word_1_210' title='bbox 651 3370 745 3441; x_wconf 85' lang='lat' dir='ltr'><strong>igitur</strong></span> <span class='ocrx_word' id='word_1_211' title='bbox 763 3375 797 3425; x_wconf 91' lang='lat' dir='ltr'><strong>nt</strong></span> <span class='ocrx_word' id='word_1_212' title='bbox 815 3368 893 3441; x_wconf 89' lang='lat' dir='ltr'><strong>quod</strong></span> <span class='ocrx_word' id='word_1_213' title='bbox 920 3388 974 3442; x_wconf 86' lang='lat' dir='ltr'><strong>pro</strong></span> <span class='ocrx_word' id='word_1_214' title='bbox 1001 3370 1170 3426; x_wconf 87' lang='lat' dir='ltr'><strong>defensione</strong></span> <span class='ocrx_word' id='word_1_215' title='bbox 1185 3370 1264 3441; x_wconf 86' lang='lat' dir='ltr'><strong>juris</strong></span> <span class='ocrx_word' id='word_1_216' title='bbox 1282 3369 1376 3425; x_wconf 83' lang='lat' dir='ltr'><strong>nostri</strong></span> <span class='ocrx_word' id='word_1_217' title='bbox 1394 3374 1426 3424; x_wconf 89' lang='lat' dir='ltr'><strong>et</strong></span> <span class='ocrx_word' id='word_1_218' title='bbox 1450 3386 1511 3425; x_wconf 83' lang='lat' dir='ltr'><strong>suae</strong></span> 
     </span>
     <span class='ocr_line' id='line_1_29' title="bbox 457 3452 1513 3525; baseline -0.001 -17"><span class='ocrx_word' id='word_1_219' title='bbox 457 3453 607 3509; x_wconf 87' lang='lat' dir='ltr'><strong>fidelitatis</strong></span> <span class='ocrx_word' id='word_1_220' title='bbox 633 3454 796 3510; x_wconf 84' lang='lat' dir='ltr'><strong>constantia</strong></span> <span class='ocrx_word' id='word_1_221' title='bbox 813 3454 844 3508; x_wconf 92' lang='lat' dir='ltr'><strong>in</strong></span> <span class='ocrx_word' id='word_1_222' title='bbox 861 3453 974 3525; x_wconf 82' lang='lat' dir='ltr'><strong>Anglia</strong></span> <span class='ocrx_word' id='word_1_223' title='bbox 989 3455 1142 3509; x_wconf 80' lang='lat' dir='ltr'><strong>venientes</strong></span> <span class='ocrx_word' id='word_1_224' title='bbox 1166 3453 1251 3509; x_wconf 90' lang='lat' dir='ltr'><strong>nobis</strong></span> <span class='ocrx_word' id='word_1_225' title='bbox 1279 3453 1317 3508; x_wconf 86' lang='lat' dir='ltr'><strong>ad</strong></span> <span class='ocrx_word' id='word_1_226' title='bbox 1342 3452 1513 3508; x_wconf 86' lang='lat' dir='ltr'><strong>mandatum</strong></span> 
     </span>
     <span class='ocr_line' id='line_1_30' title="bbox 456 3536 1514 3609; baseline -0.002 -16"><span class='ocrx_word' id='word_1_227' title='bbox 456 3542 590 3594; x_wconf 87' lang='lat' dir='ltr'><strong>nostrum</strong></span> <span class='ocrx_word' id='word_1_228' title='bbox 608 3537 791 3593; x_wconf 90' lang='lat' dir='ltr'><strong>concorditer</strong></span> <span class='ocrx_word' id='word_1_229' title='bbox 802 3537 971 3593; x_wconf 89' lang='lat' dir='ltr'><strong>retulerunt</strong></span> <span class='ocrx_word' id='word_1_230' title='bbox 983 3538 1095 3593; x_wconf 90' lang='lat' dir='ltr'><strong>eisdem</strong></span> <span class='ocrx_word' id='word_1_231' title='bbox 1112 3538 1211 3595; x_wconf 86' lang='lat' dir='ltr'><strong>valeat</strong></span> <span class='ocrx_word' id='word_1_232' title='bbox 1222 3556 1240 3592; x_wconf 93' lang='lat' dir='ltr'><strong>a</strong></span> <span class='ocrx_word' id='word_1_233' title='bbox 1252 3554 1400 3609; x_wconf 90' lang='lat' dir='ltr'><strong>quoquam</strong></span> <span class='ocrx_word' id='word_1_234' title='bbox 1410 3536 1443 3591; x_wconf 93' lang='lat' dir='ltr'><strong>in</strong></span> <span class='ocrx_word' id='word_1_235' title='bbox 1454 3536 1514 3591; x_wconf 84' lang='lat' dir='ltr'><strong>dis-</strong></span> 
     </span>
     <span class='ocr_line' id='line_1_31' title="bbox 457 3619 1513 3694; baseline -0.003 -18"><span class='ocrx_word' id='word_1_236' title='bbox 457 3620 596 3693; x_wconf 85' lang='lat' dir='ltr'><strong>pendium</strong></span> <span class='ocrx_word' id='word_1_237' title='bbox 613 3638 664 3677; x_wconf 91' lang='lat' dir='ltr'><strong>seu</strong></span> <span class='ocrx_word' id='word_1_238' title='bbox 684 3637 844 3693; x_wconf 57' lang='lat' dir='ltr'><strong>mevaniae</strong></span> <span class='ocrx_word' id='word_1_239' title='bbox 860 3621 1036 3692; x_wconf 86' lang='lat' dir='ltr'><strong>retorqueri,</strong></span> <span class='ocrx_word' id='word_1_240' title='bbox 1050 3621 1257 3694; x_wconf 87' lang='lat' dir='ltr'><strong>praedictarum</strong></span> <span class='ocrx_word' id='word_1_241' title='bbox 1276 3626 1423 3676; x_wconf 65' lang='lat' dir='ltr'><strong>cenarum</strong></span> <span class='ocrx_word' id='word_1_242' title='bbox 1441 3619 1513 3675; x_wconf 91' lang='lat' dir='ltr'><strong>obli·</strong></span> 
     </span>
     <span class='ocr_line' id='line_1_32' title="bbox 457 3702 1511 3777; baseline -0.003 -18"><span class='ocrx_word' id='word_1_243' title='bbox 457 3704 590 3776; x_wconf 84' lang='lat' dir='ltr'><strong>gationes</strong></span> <span class='ocrx_word' id='word_1_244' title='bbox 609 3704 664 3759; x_wconf 89' lang='lat' dir='ltr'><strong>sub</strong></span> <span class='ocrx_word' id='word_1_245' title='bbox 683 3704 847 3759; x_wconf 89' lang='lat' dir='ltr'><strong>incursione</strong></span> <span class='ocrx_word' id='word_1_246' title='bbox 859 3721 960 3759; x_wconf 87' lang='lat' dir='ltr'><strong>rerum</strong></span> <span class='ocrx_word' id='word_1_247' title='bbox 973 3711 1003 3760; x_wconf 86' lang='lat' dir='ltr'><strong>et</strong></span> <span class='ocrx_word' id='word_1_248' title='bbox 1014 3723 1169 3777; x_wconf 90' lang='lat' dir='ltr'><strong>corporum</strong></span> <span class='ocrx_word' id='word_1_249' title='bbox 1182 3722 1302 3760; x_wconf 89' lang='lat' dir='ltr'><strong>suorum</strong></span> <span class='ocrx_word' id='word_1_250' title='bbox 1315 3704 1394 3760; x_wconf 91' lang='lat' dir='ltr'><strong>dicto</strong></span> <span class='ocrx_word' id='word_1_251' title='bbox 1412 3702 1511 3758; x_wconf 87' lang='lat' dir='ltr'><strong>comiti</strong></span> 
     </span>
     <span class='ocr_line' id='line_1_33' title="bbox 458 3786 1514 3861; baseline -0.002 -19"><span class='ocrx_word' id='word_1_252' title='bbox 458 3788 558 3851; x_wconf 80' lang='lat' dir='ltr'><strong>lactas,</strong></span> <span class='ocrx_word' id='word_1_253' title='bbox 574 3792 603 3842; x_wconf 89' lang='lat' dir='ltr'><strong>ct</strong></span> <span class='ocrx_word' id='word_1_254' title='bbox 615 3787 807 3859; x_wconf 78' lang='lat' dir='ltr'><strong>obligationes</strong></span> <span class='ocrx_word' id='word_1_255' title='bbox 825 3788 995 3843; x_wconf 86' lang='lat' dir='ltr'><strong>mutationis</strong></span> <span class='ocrx_word' id='word_1_256' title='bbox 1008 3806 1162 3861; x_wconf 83' lang='lat' dir='ltr'><strong>corporum</strong></span> <span class='ocrx_word' id='word_1_257' title='bbox 1180 3788 1216 3843; x_wconf 91' lang='lat' dir='ltr'><strong>de</strong></span> <span class='ocrx_word' id='word_1_258' title='bbox 1234 3788 1300 3843; x_wconf 93' lang='lat' dir='ltr'><strong>loco</strong></span> <span class='ocrx_word' id='word_1_259' title='bbox 1317 3787 1355 3842; x_wconf 86' lang='lat' dir='ltr'><strong>ad</strong></span> <span class='ocrx_word' id='word_1_260' title='bbox 1372 3786 1470 3842; x_wconf 90' lang='lat' dir='ltr'><strong>locum</strong></span> <span class='ocrx_word' id='word_1_261' title='bbox 1482 3792 1514 3840; x_wconf 86' lang='lat' dir='ltr'><strong>et</strong></span> 
     </span>
     <span class='ocr_line' id='line_1_34' title="bbox 456 3871 1513 3943; baseline -0.003 -16"><span class='ocrx_word' id='word_1_262' title='bbox 456 3872 590 3927; x_wconf 89' lang='lat' dir='ltr'><strong>morandi</strong></span> <span class='ocrx_word' id='word_1_263' title='bbox 609 3871 724 3942; x_wconf 89' lang='lat' dir='ltr'><strong>quando</strong></span> <span class='ocrx_word' id='word_1_264' title='bbox 742 3877 772 3927; x_wconf 88' lang='lat' dir='ltr'><strong>et</strong></span> <span class='ocrx_word' id='word_1_265' title='bbox 790 3878 932 3943; x_wconf 90' lang='lat' dir='ltr'><strong>quantum</strong></span> <span class='ocrx_word' id='word_1_266' title='bbox 950 3878 980 3928; x_wconf 91' lang='lat' dir='ltr'><strong>et</strong></span> <span class='ocrx_word' id='word_1_267' title='bbox 997 3873 1049 3928; x_wconf 92' lang='lat' dir='ltr'><strong>ubi</strong></span> <span class='ocrx_word' id='word_1_268' title='bbox 1066 3872 1224 3937; x_wconf 87' lang='lat' dir='ltr'><strong>voluerint,</strong></span> <span class='ocrx_word' id='word_1_269' title='bbox 1245 3878 1276 3927; x_wconf 91' lang='lat' dir='ltr'><strong>et</strong></span> <span class='ocrx_word' id='word_1_270' title='bbox 1293 3872 1383 3926; x_wconf 90' lang='lat' dir='ltr'><strong>etiam</strong></span> <span class='ocrx_word' id='word_1_271' title='bbox 1401 3871 1513 3941; x_wconf 87' lang='lat' dir='ltr'><strong>obliga·</strong></span> 
     </span>
     <span class='ocr_line' id='line_1_35' title="bbox 456 3953 1510 4027; baseline -0.004 -16"><span class='ocrx_word' id='word_1_272' title='bbox 456 3956 566 4011; x_wconf 87' lang='lat' dir='ltr'><strong>tionem</strong></span> <span class='ocrx_word' id='word_1_273' title='bbox 578 3955 614 4010; x_wconf 91' lang='lat' dir='ltr'><strong>de</strong></span> <span class='ocrx_word' id='word_1_274' title='bbox 627 3953 758 4010; x_wconf 87' lang='lat' dir='ltr'><strong>faciendo</strong></span> <span class='ocrx_word' id='word_1_275' title='bbox 770 3956 953 4011; x_wconf 86' lang='lat' dir='ltr'><strong>voluntatem</strong></span> <span class='ocrx_word' id='word_1_276' title='bbox 965 3974 1049 4011; x_wconf 90' lang='lat' dir='ltr'><strong>suam</strong></span> <span class='ocrx_word' id='word_1_277' title='bbox 1061 3956 1097 4010; x_wconf 82' lang='lat' dir='ltr'><strong>(le</strong></span> <span class='ocrx_word' id='word_1_278' title='bbox 1110 3954 1281 4027; x_wconf 86' lang='lat' dir='ltr'><strong>corporibus</strong></span> <span class='ocrx_word' id='word_1_279' title='bbox 1293 3961 1324 4010; x_wconf 85' lang='lat' dir='ltr'><strong>et</strong></span> <span class='ocrx_word' id='word_1_280' title='bbox 1334 3954 1423 4009; x_wconf 89' lang='lat' dir='ltr'><strong>rebus</strong></span> <span class='ocrx_word' id='word_1_281' title='bbox 1439 3954 1510 4016; x_wconf 84' lang='lat' dir='ltr'><strong>suis.</strong></span> 
     </span>
     <span class='ocr_line' id='line_1_36' title="bbox 456 4036 1511 4111; baseline -0.005 -16"><span class='ocrx_word' id='word_1_282' title='bbox 456 4046 487 4095; x_wconf 91' lang='lat' dir='ltr'><strong>et</strong></span> <span class='ocrx_word' id='word_1_283' title='bbox 505 4038 541 4094; x_wconf 91' lang='lat' dir='ltr'><strong>do</strong></span> <span class='ocrx_word' id='word_1_284' title='bbox 558 4058 616 4095; x_wconf 86' lang='lat' dir='ltr'><strong>non</strong></span> <span class='ocrx_word' id='word_1_285' title='bbox 634 4039 766 4094; x_wconf 84' lang='lat' dir='ltr'><strong>faciendo</strong></span> <span class='ocrx_word' id='word_1_286' title='bbox 785 4056 837 4094; x_wconf 88' lang='lat' dir='ltr'><strong>seu</strong></span> <span class='ocrx_word' id='word_1_287' title='bbox 854 4040 1037 4111; x_wconf 87' lang='lat' dir='ltr'><strong>procurando</strong></span> <span class='ocrx_word' id='word_1_288' title='bbox 1055 4038 1169 4110; x_wconf 89' lang='lat' dir='ltr'><strong>aliquid</strong></span> <span class='ocrx_word' id='word_1_289' title='bbox 1187 4044 1288 4093; x_wconf 89' lang='lat' dir='ltr'><strong>contra</strong></span> <span class='ocrx_word' id='word_1_290' title='bbox 1299 4055 1367 4095; x_wconf 88' lang='lat' dir='ltr'><strong>eum</strong></span> <span class='ocrx_word' id='word_1_291' title='bbox 1378 4038 1426 4092; x_wconf 88' lang='lat' dir='ltr'><strong>vel</strong></span> <span class='ocrx_word' id='word_1_292' title='bbox 1440 4036 1511 4091; x_wconf 89' lang='lat' dir='ltr'><strong>ami-</strong></span> 
     </span>
     <span class='ocr_line' id='line_1_37' title="bbox 455 4122 1513 4194; baseline -0.006 -14"><span class='ocrx_word' id='word_1_293' title='bbox 455 4142 505 4181; x_wconf 92' lang='lat' dir='ltr'><strong>cos</strong></span> <span class='ocrx_word' id='word_1_294' title='bbox 524 4141 592 4179; x_wconf 86' lang='lat' dir='ltr'><strong>euos</strong></span> <span class='ocrx_word' id='word_1_295' title='bbox 610 4122 809 4193; x_wconf 87' lang='lat' dir='ltr'><strong>Burdegalise,</strong></span> <span class='ocrx_word' id='word_1_296' title='bbox 828 4123 877 4176; x_wconf 88' lang='lat' dir='ltr'><strong>vel</strong></span> <span class='ocrx_word' id='word_1_297' title='bbox 894 4122 968 4178; x_wconf 89' lang='lat' dir='ltr'><strong>alios</strong></span> <span class='ocrx_word' id='word_1_298' title='bbox 988 4123 1043 4178; x_wconf 92' lang='lat' dir='ltr'><strong>sub</strong></span> <span class='ocrx_word' id='word_1_299' title='bbox 1060 4122 1202 4194; x_wconf 71' lang='lat' dir='ltr'><strong>praedicta</strong></span> <span class='ocrx_word' id='word_1_300' title='bbox 1225 4122 1401 4177; x_wconf 83' lang='lat' dir='ltr'><strong>incursionis</strong></span> <span class='ocrx_word' id='word_1_301' title='bbox 1426 4138 1513 4192; x_wconf 84' lang='lat' dir='ltr'><strong>poena</strong></span> 
     </span>
     <span class='ocr_line' id='line_1_38' title="bbox 455 4203 1511 4280; baseline -0.005 -17"><span class='ocrx_word' id='word_1_302' title='bbox 455 4213 486 4263; x_wconf 89' lang='lat' dir='ltr'><strong>et</strong></span> <span class='ocrx_word' id='word_1_303' title='bbox 506 4208 742 4280; x_wconf 87' lang='lat' dir='ltr'><strong>juramentorum</strong></span> <span class='ocrx_word' id='word_1_304' title='bbox 767 4204 905 4272; x_wconf 81' lang='lat' dir='ltr'><strong>vincula,¹</strong></span> <span class='ocrx_word' id='word_1_305' title='bbox 933 4212 997 4262; x_wconf 86' lang='lat' dir='ltr'><strong>tum</strong></span> <span class='ocrx_word' id='word_1_306' title='bbox 1025 4206 1057 4261; x_wconf 93' lang='lat' dir='ltr'><strong>in</strong></span> <span class='ocrx_word' id='word_1_307' title='bbox 1078 4212 1211 4261; x_wconf 89' lang='lat' dir='ltr'><strong>nostrum</strong></span> <span class='ocrx_word' id='word_1_308' title='bbox 1232 4212 1262 4261; x_wconf 90' lang='lat' dir='ltr'><strong>et</strong></span> <span class='ocrx_word' id='word_1_309' title='bbox 1284 4203 1428 4259; x_wconf 89' lang='lat' dir='ltr'><strong>heredum</strong></span> <span class='ocrx_word' id='word_1_310' title='bbox 1445 4221 1511 4259; x_wconf 90' lang='lat' dir='ltr'><strong>nos·</strong></span> 
     </span>
     <span class='ocr_line' id='line_1_39' title="bbox 454 4287 1512 4363; baseline -0.006 -16"><span class='ocrx_word' id='word_1_311' title='bbox 454 4298 568 4347; x_wconf 85' lang='lat' dir='ltr'><strong>trorum</strong></span> <span class='ocrx_word' id='word_1_312' title='bbox 586 4289 792 4363; x_wconf 83' lang='lat' dir='ltr'><strong>praejndicium</strong></span> <span class='ocrx_word' id='word_1_313' title='bbox 815 4290 989 4353; x_wconf 88' lang='lat' dir='ltr'><strong>redundent,</strong></span> <span class='ocrx_word' id='word_1_314' title='bbox 1019 4289 1203 4361; x_wconf 83' lang='lat' dir='ltr'><strong>decrevimus</strong></span> <span class='ocrx_word' id='word_1_315' title='bbox 1230 4306 1288 4344; x_wconf 90' lang='lat' dir='ltr'><strong>non</strong></span> <span class='ocrx_word' id='word_1_316' title='bbox 1313 4295 1432 4354; x_wconf 87' lang='lat' dir='ltr'><strong>tenere;</strong></span> <span class='ocrx_word' id='word_1_317' title='bbox 1459 4287 1512 4343; x_wconf 89' lang='lat' dir='ltr'><strong>sed</strong></span> 
     </span>
     <span class='ocr_line' id='line_1_40' title="bbox 455 4371 1511 4446; baseline -0.003 -17"><span class='ocrx_word' id='word_1_318' title='bbox 455 4375 534 4446; x_wconf 90' lang='lat' dir='ltr'><strong>ipsos</strong></span> <span class='ocrx_word' id='word_1_319' title='bbox 553 4380 583 4430; x_wconf 92' lang='lat' dir='ltr'><strong>et</strong></span> <span class='ocrx_word' id='word_1_320' title='bbox 601 4392 700 4429; x_wconf 90' lang='lat' dir='ltr'><strong>omnes</strong></span> <span class='ocrx_word' id='word_1_321' title='bbox 720 4372 852 4444; x_wconf 88' lang='lat' dir='ltr'><strong>ejusdem</strong></span> <span class='ocrx_word' id='word_1_322' title='bbox 870 4380 958 4429; x_wconf 76' lang='lat' dir='ltr'><strong>terrra</strong></span> <span class='ocrx_word' id='word_1_323' title='bbox 971 4374 1063 4429; x_wconf 89' lang='lat' dir='ltr'><strong>simili</strong></span> <span class='ocrx_word' id='word_1_324' title='bbox 1081 4373 1167 4429; x_wconf 90' lang='lat' dir='ltr'><strong>modo</strong></span> <span class='ocrx_word' id='word_1_325' title='bbox 1185 4372 1388 4445; x_wconf 84' lang='lat' dir='ltr'><strong>principaliter</strong></span> <span class='ocrx_word' id='word_1_326' title='bbox 1404 4371 1452 4429; x_wconf 90' lang='lat' dir='ltr'><strong>vel</strong></span> <span class='ocrx_word' id='word_1_327' title='bbox 1465 4389 1511 4426; x_wconf 88' lang='lat' dir='ltr'><strong>ac-</strong></span> 
     </span>
     <span class='ocr_line' id='line_1_41' title="bbox 455 4454 1510 4528; baseline -0.003 -15"><span class='ocrx_word' id='word_1_328' title='bbox 455 4458 582 4513; x_wconf 83' lang='lat' dir='ltr'><strong>cessoria</strong></span> <span class='ocrx_word' id='word_1_329' title='bbox 600 4455 744 4528; x_wconf 88' lang='lat' dir='ltr'><strong>obligatos</strong></span> <span class='ocrx_word' id='word_1_330' title='bbox 763 4458 799 4511; x_wconf 89' lang='lat' dir='ltr'><strong>ab</strong></span> <span class='ocrx_word' id='word_1_331' title='bbox 817 4456 988 4527; x_wconf 89' lang='lat' dir='ltr'><strong>hujusmodi</strong></span> <span class='ocrx_word' id='word_1_332' title='bbox 1000 4456 1229 4527; x_wconf 88' lang='lat' dir='ltr'><strong>obligationibus</strong></span> <span class='ocrx_word' id='word_1_333' title='bbox 1241 4461 1272 4511; x_wconf 90' lang='lat' dir='ltr'><strong>et</strong></span> <span class='ocrx_word' id='word_1_334' title='bbox 1283 4455 1350 4511; x_wconf 89' lang='lat' dir='ltr'><strong>aliis</strong></span> <span class='ocrx_word' id='word_1_335' title='bbox 1363 4454 1510 4511; x_wconf 89' lang='lat' dir='ltr'><strong>similibus</strong></span> 
     </span>
     <span class='ocr_line' id='line_1_42' title="bbox 456 4540 1512 4613; baseline -0.002 -18"><span class='ocrx_word' id='word_1_336' title='bbox 456 4542 570 4613; x_wconf 88' lang='lat' dir='ltr'><strong>quietos</strong></span> <span class='ocrx_word' id='word_1_337' title='bbox 590 4558 654 4597; x_wconf 87' lang='lat' dir='ltr'><strong>esse</strong></span> <span class='ocrx_word' id='word_1_338' title='bbox 675 4541 812 4596; x_wconf 89' lang='lat' dir='ltr'><strong>volumus</strong></span> <span class='ocrx_word' id='word_1_339' title='bbox 831 4546 862 4596; x_wconf 90' lang='lat' dir='ltr'><strong>et</strong></span> <span class='ocrx_word' id='word_1_340' title='bbox 881 4542 1037 4605; x_wconf 90' lang='lat' dir='ltr'><strong>immunes,</strong></span> <span class='ocrx_word' id='word_1_341' title='bbox 1058 4540 1141 4596; x_wconf 87' lang='lat' dir='ltr'><strong>salvo</strong></span> <span class='ocrx_word' id='word_1_342' title='bbox 1159 4546 1259 4595; x_wconf 85' lang='lat' dir='ltr'><strong>tamen</strong></span> <span class='ocrx_word' id='word_1_343' title='bbox 1276 4540 1344 4611; x_wconf 85' lang='lat' dir='ltr'><strong>jure</strong></span> <span class='ocrx_word' id='word_1_344' title='bbox 1362 4545 1463 4594; x_wconf 90' lang='lat' dir='ltr'><strong>nostro</strong></span> <span class='ocrx_word' id='word_1_345' title='bbox 1481 4542 1512 4593; x_wconf 90' lang='lat' dir='ltr'><strong>et</strong></span> 
     </span>
     <span class='ocr_line' id='line_1_43' title="bbox 454 4621 1510 4696; baseline -0.004 -17"><span class='ocrx_word' id='word_1_346' title='bbox 454 4623 596 4681; x_wconf 88' lang='lat' dir='ltr'><strong>heredum</strong></span> <span class='ocrx_word' id='word_1_347' title='bbox 614 4629 781 4680; x_wconf 87' lang='lat' dir='ltr'><strong>nostrorum</strong></span> <span class='ocrx_word' id='word_1_348' title='bbox 800 4624 830 4679; x_wconf 90' lang='lat' dir='ltr'><strong>in</strong></span> <span class='ocrx_word' id='word_1_349' title='bbox 849 4625 985 4680; x_wconf 89' lang='lat' dir='ltr'><strong>omnibus</strong></span> <span class='ocrx_word' id='word_1_350' title='bbox 1004 4624 1071 4679; x_wconf 91' lang='lat' dir='ltr'><strong>aliis</strong></span> <span class='ocrx_word' id='word_1_351' title='bbox 1090 4641 1181 4696; x_wconf 87' lang='lat' dir='ltr'><strong>snpra</strong></span> <span class='ocrx_word' id='word_1_352' title='bbox 1198 4622 1276 4678; x_wconf 89' lang='lat' dir='ltr'><strong>illos.</strong></span> <span class='ocrx_word' id='word_1_353' title='bbox 1314 4622 1352 4677; x_wconf 91' lang='lat' dir='ltr'><strong>In</strong></span> <span class='ocrx_word' id='word_1_354' title='bbox 1369 4622 1453 4693; x_wconf 85' lang='lat' dir='ltr'><strong>eujus</strong></span> <span class='ocrx_word' id='word_1_355' title='bbox 1465 4621 1510 4676; x_wconf 89' lang='lat' dir='ltr'><strong>rei</strong></span> 
     </span>
    </p>
   </div>
   <div class='ocr_carea' id='block_1_6' title="bbox 815 4806 1147 4867">
    <p class='ocr_par' dir='ltr' id='par_1_11' title="bbox 815 4806 1147 4867">
     <span class='ocr_line' id='line_1_44' title="bbox 815 4806 1147 4867; baseline 0 -10"><span class='ocrx_word' id='word_1_356' title='bbox 815 4808 822 4840; x_wconf 85' lang='lat'>¹</span> <span class='ocrx_word' id='word_1_357' title='bbox 841 4806 949 4867; x_wconf 80' lang='lat' dir='ltr'><strong>vinculo]</strong></span> <span class='ocrx_word' id='word_1_358' title='bbox 966 4808 1077 4867; x_wconf 79' lang='lat' dir='ltr'><strong>vincula,</strong></span> <span class='ocrx_word' id='word_1_359' title='bbox 1090 4806 1147 4859; x_wconf 75' lang='lat' dir='ltr'><strong>HS.</strong></span> 
     </span>
    </p>
   </div>
   <div class='ocr_carea' id='block_1_7' title="bbox 0 0 1810 5798">
    <p class='ocr_par' dir='ltr' id='par_1_12' title="bbox 0 0 1810 5798">
     <span class='ocr_line' id='line_1_45' title="bbox 0 0 1810 5798; baseline 0 0"><span class='ocrx_word' id='word_1_360' title='bbox 0 0 1810 5798; x_wconf 95' lang='lat' dir='ltr'><strong> </strong></span> 
     </span>
    </p>
   </div>
  </div>
 </body>
</html>
