3609 5800
372 899 625 952 rrnusrnlrrvs
648 902 693 951 or
713 902 784 950 rus
807 902 916 953 nnrsu
938 902 982 953 or
1006 904 1124 953 nurus
1148 905 1198 953 111.
1247 890 1313 959 237

709 1204 867 1272 DXCIV.

285 1352 417 1419 Hmur
440 1352 508 1419 III.
531 1370 574 1419 ro
598 1352 782 1420 Rnurunnn
806 1356 891 1420 Frrz
915 1354 1032 1421 Purus
1055 1369 1129 1420 sun
1152 1372 1294 1421 orssus.

470 1490 541 1553 (Rct.
553 1488 637 1541 clam.
648 1493 680 1541 47
690 1488 757 1539 Heu,
769 1490 827 1553 111,
837 1492 928 1541 memb.
942 1495 973 1540 1³
984 1488 1011 1540 in
1022 1490 1118 1554 dorso.)

307 1608 381 1672 Rex
402 1608 531 1675 dilectis
553 1613 588 1673 et
610 1607 763 1673 fidelibus
785 1607 853 1674 suis
883 1608 1069 1696 Reginuldo
1100 1609 1186 1675 Filio
1216 1610 1317 1691 Petri,
1331 1632 1391 1681 Feb.

262 1710 443 1776 Humfrido
458 1710 500 1775 de
523 1705 653 1789 Bohun,
670 1711 770 1776 Petro
792 1711 833 1776 de
857 1712 972 1777 Monte
996 1712 1099 1790 Fosi,
1115 1718 1150 1777 et
1168 1711 1318 1777 Gilberto
1334 1704 1404 1748 ¹²⁶³·

262 1811 408 1891 Telebot,
431 1818 466 1877 et
495 1812 569 1877 eliis
599 1812 753 1877 fidelibus
784 1812 853 1876 suis
884 1814 972 1899 opud
1006 1813 1234 1879 Herefordiam
1266 1814 1319 1879 die

263 1913 367 1979 Lunae
388 1912 540 2000 proximu
561 1918 638 2001 post
661 1913 783 1979 festum
806 1913 1052 1980 Purificationis
1076 1916 1111 1981 B.
1136 1914 1252 1982 Marius
1275 1916 1318 1980 ud

261 2016 330 2101 ejus
352 2015 548 2081 mundatum
570 2015 791 2097 conventuris,
814 2015 964 2082 salutem.

307 2118 391 2183 Cum
414 2116 601 2183 Lewelinus
623 2116 713 2182 filius
736 2116 866 2182 Griffini
889 2122 924 2183 et
946 2119 1120 2205 complices
1142 2118 1194 2184 sui
1216 2126 1319 2185 terras
1333 2140 1436 2192 werre

262 2226 390 2285 nostrus
404 2226 440 2286 et
454 2225 590 2296 vestros,
609 2223 710 2306 prout
725 2219 807 2284 elius
822 2221 918 2285 robis
941 2220 1139 2307 scripsimus,
1156 2222 1321 2288 hostiliter
1333 2208 1446 2325 {lgffi

263 2321 434 2401 iursdunt,
457 2328 591 2409 propter
616 2322 705 2407 quod
737 2342 867 2387 necesse
900 2329 952 2387 est
986 2324 1075 2409 quod
1108 2346 1167 2389 vos
1198 2329 1233 2389 et
1263 2324 1320 2388 ulii
1335 2344 1404 2405 orry
1418 2348 1443 2390 to

262 2423 374 2488 fideles
394 2423 501 2489 nostri
514 2428 585 2489 tum
600 2444 661 2510 pro
676 2423 838 2489 fidelitate
852 2430 965 2491 vestre
988 2425 1084 2491 nobis
1101 2424 1317 2504 observande,
1334 2410 1468 2523 fffifflffl

264 2548 362 2611 quam
395 2547 455 2612 pro
488 2525 610 2590 damno
641 2530 675 2590 et
709 2525 924 2591 heredstione
958 2531 1071 2592 vestre
1102 2528 1234 2614 propriu
1263 2542 1381 2614 perans
1395 2492 1474 2603 sosii

263 2628 468 2693 invasionem
491 2627 637 2694 hostium
669 2634 920 2694 nostrorumst
954 2633 1140 2696 vestrorum
1172 2630 1318 2708 vitando,
1333 2621 1481 2721 pppgnpour

263 2729 406 2797 viriliter
419 2736 453 2796 et
468 2730 673 2796 unanimiter
687 2730 773 2795 circs
788 2730 1013 2797 defensionem
1028 2732 1176 2817 partium
1189 2730 1319 2795 illarum
1333 2738 1408 2788 siens·

265 2832 495 2911 vestimentis,
519 2838 553 2897 et
576 2854 619 2896 ex
642 2832 921 2911 contentionibus,
936 2833 964 2897 si
987 2855 1060 2920 quse
1084 2833 1172 2900 inter
1193 2833 1320 2920 sliquos

265 2941 411 2999 vestrum
445 2934 640 3011 habeantur,
674 2934 797 3000 dumne
831 2941 866 3002 et
899 2937 1137 3022 impedimenta
1168 2939 1321 3024 graviora

264 3043 332 3102 tum
366 3036 462 3102 nobis
493 3058 592 3122 quam
624 3036 721 3102 vobis
754 3045 889 3124 possent
922 3039 1063 3118 evenire,
1088 3040 1255 3105 mittimus
1277 3040 1320 3104 sd

264 3161 322 3204 vos
344 3139 501 3204 dilectum
531 3144 565 3204 et
594 3139 725 3205 fidelem
755 3145 907 3205 nostrum
937 3141 961 3206 J
963 3140 1125 3208 ohannem
1156 3141 1196 3208 de
1221 3141 1319 3229 Grey,
1423 3227 1427 3234 ι

265 3241 305 3306 de
330 3241 423 3326 cujus
456 3240 618 3305 fidelitate
649 3241 780 3327 plenem
812 3242 959 3328 gerimus
990 3243 1154 3326 fiduciam,
1178 3249 1217 3309 ut
1250 3245 1320 3331 ipse

264 3343 335 3409 vioe
363 3347 478 3408 nostru
507 3342 695 3423 discordias,
727 3343 757 3408 si
790 3365 865 3429 quse
901 3345 991 3410 inter
1021 3350 1170 3410 vestrum
1193 3347 1320 3432 sliquos

266 3446 410 3511 subortae
432 3444 511 3521 sint,
533 3443 694 3531 pacificet,
718 3451 752 3510 et
774 3445 902 3510 animos
924 3451 1051 3511 vestros
1081 3447 1123 3512 ad
1154 3448 1318 3514 unitatem

264 3553 299 3613 ot
321 3547 526 3613 concordium
549 3546 703 3612 reducere
732 3551 907 3634 procuret3
939 3548 991 3613 cui
1013 3569 1110 3635 super
1140 3549 1191 3614 his
1221 3550 1318 3616 iidem

264 3648 448 3714 adhibeatis
469 3648 656 3735 pleniorem.

310 3751 356 3816 Et
377 3752 457 3837 quie
477 3771 592 3836 pacem
614 3755 648 3815 et
671 3750 880 3816 concordiem
904 3752 1068 3818 intervos
1090 3755 1198 3820 modis
1214 3757 1319 3822 omni·

263 3855 326 3919 bus
346 3854 523 3920 reformare
554 3853 766 3932 intendimus,
790 3875 849 3940 per
880 3853 979 3939 quod,
1010 3855 1144 3922 volente
1166 3857 1319 3936 Domine,

264 3957 307 4021 ud
328 3958 486 4023 honorem
509 3961 544 4020 et
565 3953 787 4020 defensionem
810 3961 956 4020 restrum
981 3957 1146 4044 proprium
1168 3958 1319 4025 fortiores

239 4049 244 4056 ’
264 4060 357 4125 eritis
379 4068 413 4124 et
433 4057 592 4133 meliores,
616 4061 652 4123 et
674 4063 824 4122 econtra
845 4079 905 4144 per
927 4057 1124 4123 discordiam
1148 4059 1236 4125 inter
1259 4083 1319 4126 vos

263 4161 480 4248 praehubitem
503 4158 677 4224 debiliores
700 4163 816 4224 contra
837 4159 1044 4224 invasionem
1072 4160 1216 4224 hostium
1242 4184 1318 4228 nos·

264 4269 389 4328 trorum
412 4266 448 4327 et
469 4266 656 4326 vestrorum
678 4259 845 4339 hactenus,
869 4267 969 4348 prout
985 4261 1157 4326 evidenter
1171 4269 1318 4350 apparet,

263 4363 445 4444 extitistis3
482 4363 578 4428 vobis
610 4363 806 4427 mundamus
837 4363 899 4429 sub
935 4363 1048 4429 debito
1083 4364 1254 4430 fidelitatis
1285 4371 1319 4431 et

264 4465 449 4531 dilectionis
483 4465 603 4550 quibus
636 4462 732 4529 nobis
765 4464 924 4529 tenemini
957 4464 1169 4551 injungentes
1202 4471 1237 4532 et
1267 4491 1317 4534 ro-

262 4573 390 4654 gantes,
421 4571 462 4632 ut
492 4566 582 4632 inter
614 4589 674 4631 vos
707 4587 819 4653 pacem
854 4572 889 4631 et
921 4567 1128 4632 concordium
1166 4569 1250 4635 inire
1284 4575 1319 4635 et

262 4669 382 4735 habere
405 4667 527 4745 velitis,
550 4667 695 4733 maxime
709 4669 916 4756 temporibus
930 4669 1013 4747 istie,
1031 4675 1069 4734 ut
1082 4692 1141 4757 per
1155 4670 1319 4736 unitatem

262 4778 408 4838 vestrum
431 4771 535 4837 honor
557 4775 667 4836 vester
689 4775 725 4836 et
746 4776 857 4836 noster
880 4775 1099 4852 conservetur,
1124 4777 1158 4838 et
1172 4773 1320 4839 hostium
