3609 5800
441 899 693 952 raausrnarwn
715 902 759 949 os
782 901 851 949 rua
875 902 982 951 amau
1005 903 1048 950 ou
1071 902 1192 951 unsar
1216 903 1265 951 HL
1335 892 1376 954 39

329 1080 440 1167 partes
461 1076 543 1154 illas,
567 1076 596 1141 si
617 1075 733 1161 placet,
757 1076 1005 1157 transmittatis,
1028 1079 1076 1143 ita
1097 1078 1188 1163 quod
1209 1076 1378 1145 Walenses

335 1180 393 1266 qui
416 1184 493 1245 sunt
515 1178 558 1244 ad
581 1178 681 1243 fidem
703 1183 847 1245 vestram
869 1180 983 1245 videre
1004 1181 1132 1267 possint
1147 1180 1236 1267 quod
1250 1202 1270 1244 a
1283 1183 1378 1247 vobis

331 1282 493 1349 auxilium
515 1281 637 1347 habere
659 1286 824 1369 poterunt,
849 1286 883 1348 et
909 1304 951 1347 ne
977 1304 1037 1369 pro
1060 1282 1190 1348 defectu
1218 1284 1337 1347 auxilii
1358 1307 1380 1348 a

328 1388 395 1451 fida
417 1392 527 1452 vestra
549 1384 725 1451 discedant.
772 1386 938 1451 Praeterea
958 1386 1070 1451 sciatis
1092 1387 1180 1471 quod
1202 1388 1380 1473 praedictus

327 1490 438 1556 David
460 1488 548 1554 filius
570 1487 729 1553 Lewelini
751 1488 862 1575 posuit
886 1493 1017 1554 tantam
1039 1488 1269 1555 fortitudinem
1291 1490 1380 1555 inter

326 1592 487 1660 Castriam
511 1596 545 1656 et
568 1595 711 1656 castrum
742 1595 890 1656 vestrum
925 1591 967 1656 de
1002 1590 1149 1670 Dissard,
1184 1592 1273 1677 quod
1306 1594 1377 1659 sine

326 1715 447 1781 magno
470 1693 616 1759 exercitu
645 1697 791 1759 castrum
821 1698 970 1758 vestrum
999 1713 1068 1758 non
1097 1715 1230 1780 possum
1259 1715 1376 1781 appro-

326 1800 486 1886 pinquare
501 1796 544 1862 ad
559 1797 748 1883 ponendum
763 1796 800 1860 in
815 1818 854 1861 eo
869 1795 1110 1861 warnisturam
1157 1796 1250 1861 Licet
1265 1802 1376 1862 autem

326 1900 565 1989 plenitudinem
600 1900 810 1964 denariorum
847 1899 890 1963 ad
929 1920 1072 1986 praesens
1110 1898 1275 1975 haberem,
1308 1922 1377 1965 non

325 2004 460 2069 invenio
493 2003 530 2067 in
563 2002 671 2067 tribus
707 2002 919 2067 comitatibus
953 2001 1095 2088 triginta
1132 2001 1282 2067 homines
1319 2004 1377 2089 qui

327 2129 426 2193 equos
448 2106 593 2171 habeant
614 2126 711 2192 super
733 2125 814 2191 quos
836 2105 873 2170 in
894 2106 1089 2171 necessitate
1111 2126 1146 2169 se
1168 2105 1296 2191 possint
1318 2106 1377 2172 ad-
1491 2108 1494 2111 ’

322 2210 461 2295 juvare3
492 2209 581 2272 unde
603 2206 631 2271 si
654 2207 761 2293 placet
783 2208 882 2293 regiae
897 2207 1100 2273 excellentiae
1116 2212 1235 2273 vestrae
1246 2213 1377 2275 mature

327 2311 499 2377 consilium
521 2331 684 2398 apponere
707 2310 896 2397 dignemini.
954 2310 1075 2375 Valeat
1104 2310 1194 2398 regia
1223 2310 1377 2397 majestas

326 2420 436 2481 vestra
457 2436 515 2500 per
537 2418 685 2499 tempora
707 2413 864 2499 longiora

629 2664 1053 2676 ..m—...afflan-

741 2817 978 2886 GOOOXLIV.

394 2969 524 3036 Hauar
547 2968 612 3034 ΙΙΙ.
636 2985 679 3034 ro
700 2969 724 3033 J
726 2983 801 3034 cau
823 2969 1035 3046 Laustasa,
1059 2966 1246 3034 Jusrrcma
1267 2983 1311 3032 ou

772 3070 939 3137 Canauna

670 3207 766 3272 (noya
777 3207 885 3270 meurs,
895 3207 945 3256 No.
958 3209 1029 3272 aas.)

371 3327 544 3407 Henricus,
568 3325 631 3390 Dei
653 3324 762 3412 gratia
784 3346 843 3389 rex
866 3323 1007 3410 Angliae,
1025 3323 1177 3389 dominus
1197 3322 1375 3401 Hiberniae,
1388 3338 1457 3388 June
1469 3343 1509 3402 as,

326 3432 396 3495 dux
419 3427 634 3494 Normanniae
657 3431 691 3492 et
714 3426 916 3512 Aquitaniae,
952 3431 987 3492 et
1029 3448 1136 3491 comes
1159 3426 1373 3512 Andagaviae,
1388 3409 1488 3456 Μ’

325 3534 446 3599 dilecto
468 3537 502 3598 et
524 3533 615 3597 fideli
637 3553 697 3596 suo
731 3529 878 3595 Johami
903 3529 1079 3606 ExtraneO,
1097 3530 1284 3615 justiciario
1315 3551 1375 3594 suo

325 3639 471 3719 Gestriae,
495 3639 641 3703 salutem.

370 3741 475 3828 Super
513 3740 687 3825 diligentia
724 3743 836 3804 uestra
875 3761 975 3826 quam
1013 3737 1179 3824 apponitis
1216 3736 1376 3803 indefesse
1388 3750 1438 3800 We
1448 3750 1528 3802 thank

324 3845 410 3910 circa
447 3843 580 3929 negotia
617 3847 730 3907 nostra
764 3843 800 3906 in
833 3841 985 3928 partibus
1018 3841 1139 3905 vestris
1172 3841 1377 3928 expedienda
1389 3819 1511 3948 {gm-

324 3951 436 4034 gratas
458 3945 553 4009 vobis
575 3945 745 4009 referimus
768 3945 930 4030 speciales,
953 3942 1048 4007 vobis
1070 3942 1266 4007 mandantes
1288 3944 1377 4028 quod
1390 3951 1499 4029 uariat

324 4069 438 4114 omnes
472 4048 581 4113 exitus
604 4048 822 4116 comitatuum
846 4046 1045 4132 Salcpebriae
1068 4050 1102 4110 et
1125 4044 1320 4122 Staffordiae,
1344 4051 1378 4110 et
1390 4018 1517 4133 {2¹3³oe

326 4151 503 4218 comitatus
538 4150 683 4230 Oestriee,
720 4155 753 4214 et
788 4149 931 4228 aliunde,
966 4149 1007 4212 de
1030 4147 1147 4234 quibus
1182 4149 1377 4234 respondere
1390 4151 1518 4267 llrvloe'm

326 4266 487 4332 debuistis
510 4265 781 4344 adscaccarium,
806 4264 938 4352 ponatis
959 4264 997 4327 in
1020 4262 1209 4328 defensione
1231 4262 1377 4348 partium
1390 4232 1533 4335 felindae

326 4371 467 4446 illarum,
490 4370 519 4434 si
541 4390 668 4434 necesse
692 4367 793 4434 fuerit
805 4392 813 4448 3
837 4371 871 4432 et
886 4388 961 4432 cum
976 4387 1137 4430 summam
1151 4363 1244 4428 misae
1258 4368 1378 4430 vestrae
1390 4350 1481 4466 ffigr

327 4472 503 4550 scierimus,
518 4471 609 4536 illam
632 4469 728 4534 vobis
750 4470 906 4534 faciemus
929 4468 1079 4534 allocari:
1113 4467 1229 4532 scituri
1245 4467 1334 4553 quod
1348 4469 1376 4533 si
1390 4484 1504 4536 countia

363 4776 442 4826 'The
454 4777 509 4826 Pat
517 4775 588 4826 Rolls
599 4775 630 4824 of
637 4775 679 4824 the
690 4775 747 4824 date
756 4773 826 4822 show
876 4789 910 4822 on
922 4773 990 4824 June
1001 4778 1033 4821 28
1051 4774 1082 4821 of
1093 4772 1143 4822 thia
1154 4787 1221 4836 year.
1256 4771 1304 4823 See
1321 4771 1375 4820 also

327 4856 372 4905 the
380 4855 441 4921 king
449 4857 546 4907 tohave
554 4857 618 4905 been
627 4861 652 4905 at
661 4853 826 4920 Huntingdon
876 4855 919 4904 the
929 4852 1064 4917 preceding
1075 4853 1154 4902 letter.
1171 4855 1179 4870 ⁹
