3609 5800
420 895 671 950 nnusrserrrn
693 898 829 950 orrnn
852 897 962 950 eursu
984 899 1029 949 cr
1051 899 1173 950 nursi
1194 901 1245 950 111.
1292 882 1359 956 307

353 1071 440 1152 Quia
480 1097 544 1162 neg
524 1074 614 1140 cotie
654 1073 779 1140 domini
820 1075 887 1139 mei
917 1074 990 1140 Ost'
966 1075 1090 1156 trensis,
1120 1075 1218 1140 amici
1254 1073 1427 1140 vestriGiv'
1395 1096 1488 1133 neme

308 1173 475 1256 carissimi,
491 1175 593 1250 nullis
608 1175 676 1240 suis
698 1180 812 1242 temen
828 1176 869 1242 de
890 1198 956 1262 quc
977 1178 999 1242 d
1015 1227 1215 1244 ......
1230 1178 1357 1244 meritis
1369 1215 1378 1263 1
1368 1149 1511 1267 Ῑξηὲῗζζ,

307 1277 568 1361 praecedentibus
595 1277 681 1344 sicut
706 1283 816 1344 vestra
842 1279 976 1366 proprie
1002 1281 1038 1343 in
1064 1280 1217 1346 omnibus
1240 1280 1479 1367 gentisssrueo

306 1397 366 1462 per
394 1378 490 1446 effect
475 1382 556 1460 t,um
586 1381 630 1444 ed
660 1401 720 1446 vos
749 1401 880 1446 recurro
922 1401 982 1468 pre
1022 1380 1104 1468 ipsis
1133 1381 1170 1446 in
1199 1380 1253 1448 his
1282 1403 1356 1468 quae
1367 1299 1512 1481 ffiflip

307 1480 490 1566 expediunt
510 1481 721 1548 confidenter
767 1481 856 1548 Hinc
877 1486 928 1548 est
954 1483 1140 1569 quodcum
1163 1483 1297 1548 eeclesia
1315 1485 1357 1550 de
1368 1481 1485 1534 ⁰10³&

306 1579 490 1669 Kerkeby
480 1605 517 1649 ιιι
540 1582 699 1664 Kendele,
723 1583 937 1650 Eborscensis
957 1585 1115 1665 dioeeesis,
1138 1589 1239 1672 prout
1261 1607 1283 1650 c
1304 1607 1358 1652 me

305 1705 409 1771 nuper
427 1685 597 1766 didicistis,
624 1686 670 1752 sit
687 1673 833 1752 'domino
859 1709 934 1753 mco
956 1688 1155 1753 auctoritate
1177 1687 1359 1773 apostolice

305 1787 540 1869 commendate,
557 1792 591 1853 et
604 1787 701 1854 fsvcr
722 1793 757 1854 et
780 1788 945 1854 auxilium
965 1789 1092 1854 domini
1108 1789 1199 1854 Petri
1213 1789 1256 1855 de
1270 1789 1358 1854 Brus

303 1889 450 1974 potentis
478 1889 516 1956 in
544 1890 611 1956 iliis
639 1890 800 1979 partibus,
822 1895 862 1958 ut
889 1891 1020 1968 dicitur,
1050 1892 1118 1959 sint
1147 1890 1231 1958 mihi
1260 1891 1358 1958 valde

304 1990 486 2056 necessarie
507 1993 544 2056 in
566 1992 627 2058 hec
646 1992 742 2072 fecto,
766 1992 917 2081 supplico
940 1997 980 2058 ut
1001 1993 1114 2059 literas
1128 1998 1258 2059 vestras
1282 2014 1357 2078 prc-

303 2091 393 2179 pries
423 2093 466 2158 ed
495 2094 605 2181 ipsum
635 2116 710 2160 cum
748 2094 847 2160 litere
880 2094 1011 2184 domini
1046 2095 1135 2182 regis
1163 2095 1359 2162 affectuosus

269 2279 277 2285 ,
303 2193 451 2274 hebetem,
467 2197 555 2282 quod
579 2218 631 2262 me
654 2201 901 2285 procuratorem
928 2197 1055 2265 domini
1071 2197 1242 2276 Ostiensis,
1261 2197 1360 2262 amici

304 2295 431 2362 domini
459 2299 545 2384 regis
582 2298 731 2384 specialis
757 2303 792 2364 et
825 2297 1005 2364 defensoris
1034 2299 1167 2379 assidui,
1199 2299 1358 2386 regnique

304 2399 435 2486 Angliae
457 2399 610 2466 zehtcris
632 2400 798 2488 praecipui,
822 2401 908 2468 sicut
931 2401 1032 2482 scitis,
1046 2400 1169 2466 hebeat
1192 2401 1229 2465 in
1252 2402 1357 2466 omni-

302 2499 366 2566 bus
403 2500 530 2568 demini
567 2501 632 2566 mei
669 2503 812 2588 negotiis
849 2502 1036 2589 specieiiter
1079 2501 1354 2582 commendatum,

188 2629 190 2633 ’
303 2603 491 2690 praestando
505 2604 542 2670 in
555 2603 709 2670 omnibus
723 2604 906 2685 eonsffium,
928 2605 1101 2684 auxilium,
1123 2655 1131 2670 .
1154 2656 1163 2671 .
1185 2655 1224 2670 ..
1253 2627 1354 2685 .rem,

303 2710 373 2784 etc,
398 2705 484 2772 sicut
508 2705 695 2794 prudentiae
719 2711 839 2774 vestrae
859 2707 1030 2772 videbitur
1055 2707 1216 2794 expedire
1265 2706 1355 2790 Ques

302 2807 415 2874 literas
453 2807 525 2874 deri
561 2807 698 2886 fecistis,
733 2808 761 2874 si
802 2807 922 2895 placet,
958 2807 1093 2875 dominc
1126 2807 1276 2876 Jchunni
1314 2810 1356 2875 de

304 2910 493 2997 Kerqueby,
503 2913 545 2979 de
560 2933 625 2998 quo
640 2934 692 2977 me
701 2911 892 2979 nullatenus
907 2911 1089 2997 sufficerem
1103 2913 1331 2979 commendere
1345 2938 1354 2994 ;

302 3035 354 3079 me
384 3014 508 3080 etenim
542 3013 620 3081 feeit
650 3013 789 3080 conduci
828 3016 917 3102 apud
948 3014 1134 3080 Eboracum
1172 3036 1354 3101 persuum

302 3116 471 3205 proprium
500 3117 667 3195 nuntium,
691 3120 726 3181 et
755 3118 844 3202 quod
875 3117 951 3203 plus
980 3122 1040 3199 est,
1071 3116 1195 3183 nollem
1224 3117 1353 3198 vellem,

303 3240 376 3283 cum
398 3218 467 3285 suis
481 3218 634 3305 expensis
649 3218 790 3305 propriis
810 3218 1010 3304 ubicumque
1033 3218 1204 3305 negotium
1228 3220 1355 3283 domini

302 3320 376 3399 mei,
406 3319 495 3406 quod
532 3318 597 3385 sibi
636 3320 673 3385 in
701 3320 793 3385 curia
831 3319 959 3386 domini
996 3320 1083 3406 regis
1111 3321 1354 3407 procurandum

302 3421 458 3489 commisi.
504 3422 640 3487 Habeat
662 3422 881 3487 nihilominus
907 3426 1021 3488 vestre
1040 3419 1221 3487 reverende
1247 3430 1355 3509 peter·

302 3526 399 3601 nitas,
432 3546 492 3589 suc
515 3524 586 3589 loco
616 3528 650 3588 et
683 3529 839 3611 tempore,
870 3525 957 3591 sicut
990 3523 1155 3590 habuistis
1184 3524 1353 3606 hactenus,

301 3626 566 3693 commendatum
602 3626 631 3691 si
661 3626 790 3714 placeat
829 3648 888 3713 per
924 3625 1087 3704 effectum,
1127 3626 1353 3714 praecipientes

300 3727 382 3793 mihi
403 3733 514 3795 vestro
538 3727 663 3808 clerico,
693 3726 770 3794 licet
794 3728 919 3809 inutili,
950 3726 1109 3814 quicquid
1132 3728 1353 3815 perfecturum

301 3830 394 3897 vobis
420 3830 581 3917 placuerit
602 3830 809 3917 ubicumque.

344 3930 469 3997 Datum
494 3933 582 4021 epud
607 3930 814 4013 Glurekourt,
838 3932 892 3997 die
916 3930 1071 3999 Mercurii
1093 3932 1130 3997 in
1151 3931 1296 3999 crastino
1317 3930 1352 3999 S.

302 4032 443 4099 Andreae
467 4033 617 4120 apostoli.

344 4134 520 4201 Iudcrsed.
567 4134 762 4201 Reverendo
784 4135 873 4223 petri
898 4136 1033 4201 domino
1055 4136 1205 4222 episcopo
1230 4135 1339 4202 Betho

299 4258 413 4303 mensi.
