3609 5800
433 825 498 888 282
580 835 695 887 nomn
719 835 794 884 uun
821 833 938 884 orrum
962 831 1167 883 nrsronrcrn
1189 833 1337 882 eminus

431 1013 560 1092 habuit,
596 1011 683 1076 sicut
722 1007 818 1075 nobis
857 1008 984 1074 scabini
1021 1008 1128 1072 nostri
1160 1007 1422 1074 Dixemudenses
1455 1015 1490 1073 et

431 1114 528 1203 probi
567 1113 654 1179 cives
691 1112 750 1177 alii
780 1111 944 1178 veraciter
974 1111 1167 1176 retulerunt.
1214 1109 1314 1176 Unde
1344 1113 1489 1176 vestram

432 1215 695 1284 dominationem
734 1218 864 1279 attente
901 1234 1064 1301 rogamus,
1095 1217 1260 1299 quatenus
1291 1233 1359 1276 non
1393 1211 1490 1277 susti-

430 1325 549 1386 nentes
571 1317 660 1406 quod
681 1317 769 1382 bono.
799 1315 881 1382 dicti
916 1314 1090 1401 burgensis
1124 1313 1231 1380 nostri
1262 1314 1309 1379 sic
1340 1313 1489 1379 indebite

432 1422 556 1488 ibidem
580 1419 802 1498 detineantur,
827 1418 944 1483 eadem
974 1417 1063 1482 bona
1096 1438 1206 1482 amore
1236 1416 1344 1480 nostri
1365 1415 1488 1482 delibe-

432 1525 499 1590 rari
520 1523 650 1588 faciatis
681 1522 770 1587 dicto
794 1519 983 1599 Godefrido,
1007 1524 1066 1584 aut
1100 1541 1160 1584 suo
1192 1520 1313 1584 nuntio
1346 1539 1487 1605 praesen-

432 1629 518 1694 tium
567 1624 731 1713 portitori,
779 1628 819 1688 ut
865 1643 977 1708 preces
1022 1624 1152 1687 nostras
1200 1621 1291 1709 apud
1341 1625 1487 1686 vestram

433 1727 658 1795 celsitudinem
682 1725 746 1790 sibi
765 1724 888 1790 sentiat
902 1724 1053 1790 valuisse.

479 1835 605 1899 Datum
640 1853 728 1897 anno
761 1829 898 1897 Domini
927 1829 1102 1896 millesimo
1136 1829 1359 1896 ducentesimo
1395 1851 1488 1894 sexa·
1580 1857 1585 1864 ·

435 1938 559 2025 gesimo
582 1935 707 2022 quinto,
724 1937 760 1999 in
778 1933 892 2020 vigilia
908 1932 1055 2020 Philippi
1077 1938 1112 1998 et
1127 1933 1150 1998 J
1150 1933 1243 1998 acobi
1258 1932 1486 2018 apostolorum

746 2219 1167 2229 --.-—..-.-—-—-—-——

843 2435 1063 2504 DOXXXIV.

584 2596 717 2660 Hmvsr
741 2593 802 2658 III.
826 2609 869 2659 ro
892 2609 962 2657 rur
985 2593 1140 2658 Samum
1161 2610 1205 2658 or
1227 2593 1339 2658 Your.

643 2741 714 2804 (Rot
728 2740 811 2792 maus.
825 2746 856 2789 49
868 2739 935 2790 Heu.
947 2739 1006 2800 111..
1016 2741 1108 2791 memb.
1120 2745 1137 2788 4
1147 2739 1176 2788 in
1187 2740 1282 2803 dorso.)

267 2879 330 2944 May
345 2885 383 2941 10,
483 2868 556 2933 Rex
578 2866 767 2933 vicecomiti
791 2866 999 2945 Eboracensi,
1023 2865 1173 2933 salutem.

271 2952 344 2996 ¹²⁶⁵·
484 2970 568 3035 Cum
602 2960 772 3035 Jobannes
806 2970 847 3034 de
881 2969 1049 3035 Warenna
1078 2973 1113 3035 et
1147 2968 1334 3035 Willelmus
1360 2969 1400 3033 de
1422 2968 1490 3031 Vn·

267 3026 403 3141 illiribbn
437 3073 549 3149 leucia,
565 3092 639 3136 cum
662 3078 760 3158 gente
783 3076 911 3137 armata
926 3072 1055 3137 circiter
1069 3072 1174 3137 sexies
1188 3070 1311 3159 viginti
1332 3071 1489 3148 homines,

269 3158 409 3273 ξξῃξιξζῃᾱ
438 3179 508 3238 tam
531 3174 658 3258 equites
681 3196 780 3259 quam
802 3174 938 3260 pedites,
956 3174 1027 3260 jam
1042 3174 1262 3262 applicuerint
1283 3174 1320 3237 in
1341 3174 1491 3260 partibus

268 3290 384 3339 william
395 3290 426 3338 dc
440 3275 671 3358 Pembrochiae,
696 3281 731 3341 et
753 3276 877 3343 ibidem
899 3300 935 3343 se
957 3283 1103 3357 teneant,
1125 3285 1166 3343 ut
1197 3278 1328 3355 dicitur,
1349 3300 1389 3343 ac
1409 3298 1490 3341 non-

268 3356 415 3472 {gle‘ffid
439 3378 522 3443 nulli
546 3379 585 3443 <le
608 3378 761 3465 portibus
784 3380 1017 3445 transmarinis
1048 3381 1144 3445 nobis
1176 3384 1211 3445 et
1245 3402 1345 3467 regno
1378 3383 1492 3444 nostro

270 3490 374 3581 epnear
439 3480 661 3559 adversantes,
695 3482 724 3546 si
757 3480 822 3546 sibi
857 3487 1026 3548 constaret
1048 3483 1137 3569 quod
1163 3481 1245 3548 dicti
1267 3483 1436 3549 lohannes
1457 3486 1493 3545 et

269 3555 418 3671 mppr,
439 3583 635 3663 Willelmus,
659 3585 718 3671 qui
740 3586 863 3669 absque
887 3585 1086 3651 conscientia
1117 3592 1152 3651 et
1185 3585 1358 3651 voluntate
1379 3589 1493 3651 nostra

270 3688 374 3802 ffidved
439 3707 576 3773 regnum
606 3691 764 3763 nostrum,
797 3692 895 3774 prout
928 3688 1027 3767 nosti,
1050 3688 1171 3774 egressi
1204 3688 1337 3769 fuerint,
1359 3686 1493 3773 pacifice

270 3760 393 3869 ,oiim
440 3794 474 3853 et
496 3789 618 3875 absque
641 3788 878 3875 impedimento
901 3789 1058 3876 applicati
1084 3795 1164 3857 sunt
1185 3790 1222 3855 in
1243 3791 1360 3857 eodem
1382 3812 1492 3877 regno,

270 3886 411 4003 paterent
439 3891 596 3957 libentius
628 3895 662 3957 et
693 3892 872 3957 animosius
903 3914 938 3957 se
969 3896 1125 3980 pararent
1162 3893 1205 3957 ad
1241 3894 1492 3979 ingrediendum

271 3968 398 4097 rupim?
439 4016 578 4081 regnum
610 3994 815 4081 praedictum,
832 3990 881 4060 ¹ad
912 4016 1025 4080 pacem
1056 4000 1204 4083 nostram
1235 3996 1493 4082 perturbandam

271 4100 373 4214 {3333
439 4096 475 4159 in
498 4096 619 4191 eodem,
644 4096 698 4161 vel
713 4096 755 4160 ad
777 4116 966 4161 succursum
989 4097 1086 4161 dictis
1101 4097 1248 4163 Johanni
1270 4102 1306 4162 et
1327 4098 1493 4163 Willelmo

375 4189 380 4201 ’
439 4198 634 4275 faciendum,
657 4198 686 4262 si
709 4197 792 4263 forte
815 4220 953 4283 regnum
983 4199 1067 4263 illud
1089 4222 1227 4285 gravare
1249 4204 1494 4287 proposuerint;

439 4322 496 4385 per
534 4300 623 4385 quod
661 4305 695 4365 et
732 4300 865 4365 ballivis
898 4312 1056 4388 portuum
1087 4308 1275 4369 nostrorum
1312 4304 1495 4391 specialiter

440 4402 671 4467 mandavimus
692 4402 781 4488 quod
804 4424 897 4467 suam
920 4404 1121 4469 maritimam
1136 4404 1280 4471 viriliter
1294 4412 1330 4471 et
1343 4413 1495 4493 potenter

440 4504 638 4582 custodiant,
654 4527 696 4569 ne
711 4526 769 4592 per
791 4506 972 4571 adventum
996 4528 1275 4594 quorumcumque
1297 4509 1333 4573 in
1355 4532 1494 4596 regnum

439 4608 636 4694 praedictum
660 4607 756 4672 nobis
779 4614 839 4675 out
862 4608 969 4675 eidem
1003 4631 1105 4696 regno
1132 4610 1290 4676 damnum
1311 4618 1422 4698 posset
1443 4612 1496 4679 vel

439 4708 623 4796 periculum
647 4710 789 4777 evenire.
