3609 5800
436 859 479 921 84
581 871 695 921 novun
716 871 791 923 aun
814 872 931 922 orsus
952 870 1156 923 msronrcsn
1179 872 1326 923 nrrrnns

829 1182 1099 1250 GOOOLXXXI.

525 1356 602 1421 Tun
625 1356 755 1422 Muros
777 1371 851 1421 nun
875 1355 899 1420 J
901 1372 1014 1421 naurs
1038 1326 1330 1424 or'Bounnnlux
1353 1376 1395 1425 ro

853 1460 984 1524 Hnunr
1007 1458 1074 1525 ΙΙΙ.

781 1596 1139 1665 (myunecmnosrs.)

270 1722 359 1772 About
370 1720 413 1771 the
482 1714 765 1781 Excellentissimo
782 1717 815 1779 et
830 1714 1099 1780 reverendissimo
1115 1714 1247 1781 domino
1262 1737 1322 1782 suo
1334 1715 1487 1796 Henrioo,

269 1790 406 1920 fflwf
438 1816 501 1883 Dei
524 1818 632 1905 grstia
665 1817 735 1903 regi
756 1815 897 1903 Anglise,
923 1816 1056 1883 domino
1079 1818 1273 1905 Hyberniae,
1296 1817 1372 1885 duci
1395 1818 1486 1883 Nor·

272 1926 351 1977 12st
438 1922 597 2016 mannire·
611 1919 811 2007 Aquitaniae,
849 1926 884 1985 et
925 1920 1037 1986 comiti
1069 1921 1280 2009 Andegsviae‚
1320 1922 1487 1989 Amaneus

439 2022 591 2090 Columbi
612 2020 718 2108 major
739 2027 773 2087 et
791 2022 897 2107 jurati
921 2024 1115 2090 communite
1138 2046 1207 2091 suae
1236 2024 1486 2111 Burdegslensis

437 2127 489 2193 sui
511 2125 651 2191 humiles
674 2130 708 2190 et
731 2125 853 2203 devoti,
876 2124 1016 2191 salutem
1039 2130 1074 2191 et
1100 2127 1246 2193 debitam
1268 2127 1486 2193 reverentiam

437 2251 512 2295 oum
533 2230 662 2294 honore.

270 2327 393 2445 ἒξὲἒθέἒ
482 2332 567 2401 Cum
589 2335 700 2397 vestra
718 2330 837 2417 regulis
852 2331 1010 2397 nobilitas
1032 2332 1129 2398 nobis
1151 2354 1209 2421 per
1231 2331 1345 2399 literas
1360 2332 1487 2399 dederit

270 2460 390 2525 putiesas
438 2437 474 2500 in
505 2433 672 2500 mandatis
705 2438 745 2499 ut
777 2456 835 2499 sex
867 2434 908 2500 de
939 2434 1146 2521 probioribus
1178 2440 1212 2500 et
1242 2434 1486 2505 discretioribus

270 2527 388 2644 ξῗζξῇῖ
436 2540 626 2609 homiuibus
658 2540 806 2609 civitatis
828 2545 949 2607 vestrae
972 2540 1224 2629 Burdegalensis
1246 2542 1290 2607 ad
1321 2542 1486 2609 declaran-

270 2663 332 2712 senu
343 2660 393 2721 thet
438 2646 516 2712 dum
539 2650 646 2711 status
667 2650 766 2729 terme
788 2648 907 2711 vestrae
922 2644 1093 2710 Vasconiae
1108 2665 1218 2713 coram
1232 2650 1344 2710 vestm
1360 2646 1486 2733 mugni-

270 2728 407 2845 &poppa
436 2748 570 2815 licentia
584 2748 799 2825 mitteremus,
814 2752 849 2813 et
870 2768 931 2813 nos
952 2747 994 2813 de
1008 2747 1173 2813 communi
1187 2747 1321 2813 consilio
1339 2748 1486 2813 omnium

437 2850 649 2918 discretorum
673 2849 966 2937 Burdegalensinm
998 2872 1094 2938 super
1127 2853 1217 2918 statu
1249 2855 1346 2918 terres
1368 2855 1487 2919 vestrae

395 2997 401 3006 -
437 2953 607 3020 Vnscouiee
622 2953 717 3020 vobis
731 2953 918 3020 miserimus
940 2954 1051 3020 literne
1074 2958 1227 3042 patentes
1242 2953 1351 3042 sigillo
1365 2960 1486 3022 nostrae

436 3057 630 3124 communiae
660 3055 820 3144 sigillatas
832 3083 841 3139 ;
873 3057 1039 3124 mittimus
1072 3055 1208 3122 dilectos
1230 3061 1265 3122 et
1286 3059 1489 3123 venerabiles

436 3160 583 3226 concives
605 3165 734 3224 nostros
756 3159 891 3225 Winum
920 3159 1088 3225 Remundi
1115 3158 1269 3226 Columbi
1295 3165 1330 3225 et
1357 3159 1488 3226 Colum-

436 3263 516 3328 bnm
532 3261 572 3326 de
588 3262 698 3349 Burgo
713 3283 821 3327 coram
836 3267 948 3328 vestm
969 3262 1061 3348 regia
1076 3261 1249 3348 dignitate,
1265 3262 1488 3348 supplicantes

436 3366 593 3432 vobisut
616 3385 713 3452 super
740 3369 832 3432 statu
853 3369 951 3430 terrse
974 3369 1093 3430 vestrae
1117 3363 1299 3444 Vaseoniae,
1323 3370 1422 3451 prout
1450 3365 1487 3430 in

436 3467 541 3534 literis
572 3466 765 3556 petentibus
798 3467 893 3533 vobis
926 3467 1034 3532 missis
1068 3464 1198 3554 plenius
1231 3468 1430 3547 continetur,
1453 3472 1487 3532 et

437 3591 534 3656 super
565 3569 654 3656 prise
676 3591 750 3656 quse
782 3591 824 3636 ex
853 3574 947 3661 parte
970 3572 1082 3636 vestra
1114 3569 1273 3655 recipitur
1294 3570 1332 3634 in
1353 3570 1487 3656 Anglie,

437 3678 472 3739 et
493 3694 591 3760 super
612 3671 820 3760 captionibus
842 3677 876 3738 et
898 3670 1172 3737 artestationibus
1187 3677 1222 3736 et
1237 3671 1488 3758 spoliationibus

438 3775 622 3842 concivium
644 3779 831 3840 nostrorum
854 3775 890 3840 in
913 3779 1003 3840 terra
1026 3773 1151 3840 domini
1173 3773 1259 3862 regis
1282 3773 1431 3842 Franciae
1453 3781 1488 3840 et

439 3877 564 3944 domini
587 3877 714 3944 comitis
736 3876 893 3944 Pictaviae
920 3876 1086 3962 quondam
1109 3875 1214 3955 factis,
1235 3877 1334 3942 fidem
1357 3883 1391 3944 et
1421 3900 1488 3944 ere-

439 3980 637 4046 dibilitatem
659 3979 779 4046 eisdem
802 3980 983 4067 dignemini
1006 3979 1168 4046 adhibere

484 4083 719 4149 Verumtamen
735 4104 808 4149 cum
819 4081 1044 4168 hujuscemodi
1059 4081 1254 4148 mundatum
1266 4087 1412 4148 vestrum
1421 4105 1488 4149 non

440 4191 573 4252 tantum
602 4185 706 4264 nobis,
741 4185 798 4250 sed
829 4185 931 4250 etiam
961 4185 1112 4272 pluribus
1134 4184 1208 4250 eliis
1241 4190 1339 4252 oerrae
1368 4193 1488 4252 vestrae
1529 4176 1531 4179 ⁵

441 4287 611 4354 Vuseoniae
626 4309 668 4352 ex
682 4291 775 4375 purte
789 4291 900 4353 vestra
912 4285 1033 4352 factum
1050 4288 1159 4365 fuerit,
1170 4293 1205 4355 et
1218 4310 1278 4375 per
1291 4293 1397 4354 totam
1407 4288 1489 4354 Vas-

441 4391 568 4456 eonism
591 4389 691 4454 fuerit
713 4389 922 4474 divulgatum
945 4389 1032 4474 quod
1055 4390 1189 4475 quidam
1211 4396 1398 4457 nostrornm
1413 4411 1488 4455 con-

441 4493 561 4558 civium
578 4496 657 4557 sunt
680 4491 743 4555 iter
765 4513 860 4555 suum
883 4493 971 4578 apud
985 4493 1140 4579 Angliam
1164 4494 1335 4578 accepturi,
1359 4494 1489 4559 noverit

447 4703 651 4712 -------—-..—
665 4702 1146 4712 —--—-—-·--—-—-——--—-...-..
1160 4707 1198 4712 ..-
1208 4707 1261 4712 .-.
1278 4707 1312 4712 -...
1341 4708 1356 4712 -

663 4847 669 4876 ¹
689 4845 736 4896 See
746 4845 830 4896 letters
842 4845 1054 4904 ccccmlv,
1066 4845 1266 4898 CCCCLXXX.
