3609 5800
441 841 505 907 258
597 850 713 905 noran
734 850 808 903 sun
831 849 947 899 crura
969 843 1175 897 mammem
1198 843 1346 897 numum

441 1029 531 1118 quod
564 1028 703 1093 turbata
725 1025 821 1112 regni
852 1022 959 1088 nostri
991 1043 1073 1109 pace
1104 1020 1199 1086 nohis
1233 1023 1268 1085 et
1299 1040 1401 1107 regno
1432 1008 1498 1107 ipsi

442 1136 599 1199 damnum
621 1133 676 1197 vel
700 1129 839 1215 jactura,
862 1127 933 1192 sive
956 1124 1123 1213 praedictis
1157 1123 1326 1189 obsidibus
1352 1123 1496 1200 evidens

443 1235 531 1323 quod
553 1234 648 1312 absit,
671 1232 775 1320 possit
797 1230 978 1319 periculum
1000 1228 1180 1293 imminere.
1221 1226 1378 1291 Vestrum
1402 1249 1498 1313 super

444 1338 620 1428 praemissis
634 1336 877 1423 heneplacitum
892 1337 927 1399 et
949 1353 1141 1419 responsum
1165 1328 1260 1397 nobis
1282 1329 1497 1417 perlatorem

446 1440 659 1529 presentium
682 1440 878 1525 festinanter
900 1434 1096 1500 rescribatis,

491 1545 588 1609 Teste
619 1564 694 1629 rege
728 1542 817 1628 apud
840 1521 1000 1607 Sanctum
1023 1524 1164 1602 Paulum
1186 1536 1374 1619 londoniae,
1405 1542 1498 1603 sexto

448 1647 502 1712 die
524 1645 616 1711 Julii

769 1856 878 1863 ...μ-..μα
890 1855 973 1861 ---—--
990 1852 1187 1861 -n——a———au

907 2023 1040 2093 DOXV.

741 2185 820 2251 Tun
843 2201 936 2252 saun
959 2202 1003 2251 ro
1026 2202 1095 2251 unu
1118 2201 1212 2255 snus

648 2335 720 2399 (Bet
733 2332 817 2386 Cleua.
830 2332 942 2385 48Hen.
954 2332 1013 2395 111,
1024 2335 1143 2385 memhh
1156 2325 1326 2397 indorsost)
1381 2359 1386 2368 ·

284 2470 348 2539 Jnly
362 2475 400 2535 10,
496 2460 637 2549 Egregie
652 2459 792 2579 principi
808 2464 844 2525 et
858 2458 1102 2547 consanguineo
1117 2480 1175 2525 suo
1191 2458 1357 2525 carissimo
1372 2457 1504 2523 domino

287 2543 357 2591 ¹²⁶⁴·
451 2563 660 2653 L[udovico],
694 2565 764 2651 regi
803 2562 952 2629 Francius
988 2562 1117 2639 illustri,
1154 2562 1361 2652 H[enricus],
1392 2561 1504 2627 eadem

451 2670 560 2760 gratia
581 2691 641 2735 rex
664 2669 805 2755 Angb'ae,
828 2674 897 2747 etc,
924 2667 1071 2735 salutem.

285 2801 404 2855 consor
495 2774 581 2841 Oum
603 2795 709 2860 nuper
730 2772 882 2859 quasdam
905 2772 994 2859 pacis
1017 2772 1142 2838 foedera
1164 2792 1222 2858 per
1244 2772 1380 2837 formam
1398 2772 1505 2857 cujus-

284 2870 346 2921 cens
356 2883 400 2919 ⁰¹¹·
451 2880 528 2945 dam
551 2878 643 2943 misae
666 2876 829 2942 internos
844 2879 879 2942 et
901 2876 1041 2943 barones
1056 2887 1184 2942 nostros
1198 2875 1369 2963 prolocuta
1383 2875 1506 2941 fuerint

284 2939 418 3067 Βῗηιοῗῃο
452 2981 540 3068 apud
557 2980 678 3059 Leues,
703 3001 741 3044 ac
763 3001 822 3067 pro
844 3001 923 3066 pace
946 2979 1035 3044 illa
1026 3001 1062 3046 ιιι
1093 3001 1195 3066 regno
1216 2984 1330 3046 nostro
1364 2979 1506 3046 tenenda

285 3079 429 3186 “mhi“
454 3083 655 3149 Edwardum
677 3081 935 3170 primogenitum
967 3088 1117 3148 nostrum
1140 3087 1174 3148 e
1159 3083 1379 3149 tHenricum
1402 3078 1507 3147 filium

286 3218 368 3272 paee.
453 3185 541 3272 regis
563 3183 772 3250 Alamanniae
794 3184 908 3250 fratris
931 3187 1037 3251 nostri
1069 3185 1197 3251 obsides
1231 3186 1505 3274 deputaverimus,

454 3293 489 3353 et
511 3308 609 3374 super
630 3287 713 3351 misa
745 3287 804 3352 illa
837 3308 1006 3354 assensum
1039 3293 1187 3353 vestrum
1210 3289 1334 3375 requiri
1365 3289 1507 3366 fecimus,

454 3390 542 3456 unde
564 3390 693 3456 nullum
708 3389 815 3455 adhuc
836 3411 1027 3478 responsum
1042 3392 1228 3478 recepimus,
1244 3392 1285 3457 de
1301 3415 1367 3480 quo
1381 3392 1508 3458 turbati

455 3515 568 3560 sumus
602 3498 636 3559 et
670 3515 737 3560 non
770 3493 979 3560 mediocriter
1010 3495 1148 3576 anxiati,
1176 3497 1261 3561 sicut
1298 3495 1378 3560 alias
1415 3494 1508 3560 vobis

455 3596 720 3715 significavimus,
736 3618 774 3662 ac
796 3596 943 3663 collectio
957 3597 1092 3685 grandis
1106 3598 1269 3664 exercitus
1285 3609 1319 3664 et
1333 3603 1509 3717 apparatus
1624 3609 1625 3614 ’

456 3699 583 3788 navigii
605 3699 642 3764 in
665 3699 822 3786 Angliam
845 3701 925 3765 mitt
927 3700 1004 3766 endi
1026 3701 1141 3766 tam
1131 3725 1167 3766 m
1190 3702 1330 3767 Francia
1352 3723 1452 3788 quam
1474 3702 1509 3766 in

457 3801 531 3868 aliis
557 3803 654 3867 terris
676 3802 770 3868 vobis
804 3802 989 3869 subditis
975 3825 1047 3890 Jam
1078 3803 1145 3881 fiat,
1169 3809 1208 3868 ut
1242 3803 1439 3886 audivimus,
1473 3827 1511 3869 eo

458 3905 546 3993 quod
568 3905 629 3970 hoc
650 3905 843 3973 credebatur
866 3907 977 3972 cedere
999 3929 1092 3993 posse
1124 3908 1160 3971 in
1193 3906 1454 3974 meliorationem
1477 3913 1511 3974 et

458 4008 693 4075 relevationem
725 4013 833 4074 status
865 4010 971 4074 nostri
1003 4010 1218 4076 etheredum
1252 4016 1447 4088 nostrorum,
1478 4015 1511 4076 et

460 4134 503 4178 ex
517 4111 665 4178 adventu
686 4111 837 4197 praedicti
859 4112 1031 4195 exercitus,
1055 4113 1218 4199 pendente
1242 4115 1324 4179 misa
1346 4115 1511 4201 praedicta,

461 4217 502 4281 de
531 4216 607 4300 jure
629 4215 779 4301 gentium
815 4215 983 4301 praedictis
1018 4216 1185 4282 obsidibus
1217 4239 1405 4304 supremum
1428 4219 1515 4304 peri-.

463 4318 572 4382 culum
603 4323 638 4382 et
671 4321 778 4382 status
810 4318 861 4382 sui
884 4318 1060 4398 subversio,
1093 4321 1251 4406 nobisque
1282 4326 1316 4386 et
1338 4321 1513 4387 heredibus

463 4420 585 4486 nostris
599 4419 710 4507 gravis
733 4419 943 4486 exheredatio
968 4425 1077 4508 posset
1100 4424 1140 4488 de
1164 4423 1253 4490 facili
1274 4424 1453 4504 imminere,
1476 4447 1514 4490 ac

464 4522 614 4609 praedicti
636 4523 775 4589 barones
789 4525 895 4590 nostri
905 4524 977 4610 jam
992 4525 1100 4612 parati
1114 4525 1182 4592 sint
1197 4526 1317 4592 bonam
1334 4532 1369 4593 et
1383 4529 1513 4593 firmam

465 4646 586 4711 pacem,
601 4626 643 4690 ed
659 4625 814 4691 honorem
829 4624 892 4692 Dei
919 4632 954 4693 et
976 4629 1082 4694 nostri
1097 4635 1132 4694 et
1146 4629 1302 4695 heredum
1317 4635 1514 4708 nostrorum,

467 4747 593 4792 necnon
614 4734 648 4793 et
671 4729 851 4795 utilitatem
873 4731 967 4816 regni
1002 4733 1107 4798 nostri
1130 4738 1320 4820 perpetuam
1344 4735 1513 4800 nobiscum
