3609 5800
400 920 649 970 nnusranmvn
674 919 719 969 or
741 920 811 971 reu
836 921 945 971 neren
970 922 1013 971 os
1038 922 1160 973 nsunr
1183 922 1234 971 111.
1281 910 1344 973 225

287 1084 389 1149 istum
403 1085 570 1152 habebitis
585 1086 669 1155 sicut
684 1088 787 1154 credo.
833 1088 880 1153 Et
902 1088 943 1153 de
965 1087 1114 1175 episcopo
1137 1088 1211 1167 isto,
1225 1090 1348 1155 scilicet

289 1187 329 1250 de
352 1186 588 1270 Lcmovicensi,
604 1212 677 1254 sum
701 1196 810 1255 certus
832 1191 902 1275 ipso
925 1212 993 1255 non
1015 1190 1115 1255 habet
1137 1190 1347 1279 privilegium

287 1288 413 1354 domini
449 1290 535 1377 regis
573 1292 731 1371 Franciae,
770 1298 805 1358 et
843 1292 931 1378 quod
974 1292 1011 1356 in
1047 1292 1195 1379 registris
1234 1315 1347 1381 regum

286 1389 434 1457 Franciae
471 1414 540 1457 non
577 1393 729 1480 [pote]rit
765 1394 911 1459 inveniri
949 1394 1037 1480 quod
1080 1394 1144 1459 iste
1175 1394 1347 1483 episcopus

286 1493 497 1580 privilegium
523 1495 645 1561 habeat
659 1496 713 1577 vel
737 1496 889 1561 habuerit
912 1501 1059 1583 tempore
1081 1501 1253 1563 retroacto.
1302 1498 1348 1562 Et

287 1593 347 1659 hoc
379 1596 529 1662 intellexi
560 1618 619 1685 per
648 1597 815 1683 quandam
838 1620 992 1685 magnam
1021 1604 1056 1664 et
1085 1598 1207 1663 bonam
1239 1620 1348 1685 perso-

286 1717 364 1760 nam
397 1698 537 1764 istarum
580 1699 736 1785 partium,
782 1722 857 1787 quae
894 1701 979 1765 bene
1017 1700 1112 1765 novit
1151 1722 1247 1787 super
1286 1701 1348 1767 hoc

285 1798 469 1865 veritatem.
514 1801 560 1866 Et
582 1800 623 1865 de
639 1802 789 1888 episcopo
803 1800 1063 1889 Petragoricensi
1079 1802 1175 1867 vobis
1198 1801 1346 1889 significo

287 1898 370 1964 illud
392 1900 491 1967 idem.

330 2000 417 2067 Item
447 2002 528 2068 sciat
550 2008 662 2069 vestra
694 2003 786 2091 regia
811 2005 970 2071 celsitudo
994 2004 1082 2092 quod
1107 2004 1256 2071 homines
1287 2006 1517 2091 qui'rherenants

286 2107 401 2169 tenent
422 2106 588 2170 munitum
611 2111 756 2171 castrum
782 2106 823 2171 de
850 2106 1002 2173 Bordella
1026 2128 1086 2193 pro
1110 2107 1237 2172 Bosone
1268 2085 1504 2203 Bor-gifflss‘d

286 2206 382 2270 nardi
414 2207 455 2272 de
486 2207 640 2272 Bordella
668 2212 774 2273 totam
812 2210 952 2295 patrium
984 2210 1168 2286 destruunt,
1198 2208 1346 2275 homines
1359 2218 1504 2269 deille¹rre

286 2308 450 2393 capiendo,
489 2310 591 2375 boves
628 2315 768 2387 arantes,
807 2331 885 2375 oves
924 2315 958 2375 et
1003 2310 1159 2375 animalia
1200 2311 1275 2391 alia,
1313 2316 1346 2377 et
1359 2282 1492 2401 ssfflgthe

286 2411 440 2496 quioquid
463 2412 611 2477 invenire
632 2417 771 2498 possunt
793 2412 953 2499 capiendo
976 2418 1010 2477 et
1034 2410 1201 2498 rapienda
1218 2419 1253 2477 et
1277 2412 1475 2481 haeceountrn

286 2514 395 2577 omnia
418 2518 453 2577 et
476 2513 587 2600 pejora
608 2513 745 2591 faciunt,
768 2517 803 2579 et
827 2514 976 2579 interra
997 2518 1110 2579 vestra
1133 2518 1168 2578 et
1194 2514 1230 2577 in
1250 2514 1346 2579 terris
1358 2484 1514 2599 fflffim,

286 2614 501 2695 ecclesiarum,
525 2614 762 2701 religiosorum,
785 2615 941 2695 militum,
968 2621 1003 2681 et
1033 2616 1181 2680 omnium
1206 2615 1345 2680 aliorum
1357 2613 1423 2691 lm
1433 2615 1497 2679 1³⁰ss·

286 2715 343 2801 qui
391 2716 517 2781 hubent
554 2716 681 2803 aliquid
717 2716 754 2780 in
794 2718 944 2804 partibus
958 2716 1047 2793 illis,
1086 2738 1187 2803 quare
1220 2717 1344 2783 sactum
1357 2682 1497 2812 pppgeqphe

285 2823 432 2881 vestrum
466 2817 600 2882 inistis
631 2818 784 2905 partibus
807 2824 858 2883 est
880 2818 1116 2884 deterioratum
1144 2840 1210 2883 non
1241 2820 1345 2884 modi·
1356 2812 1453 2930 {331³oe
1464 2814 1505 2863 ‘⁰¹'

285 2941 360 2984 oum
375 2926 409 2985 et
432 2970 703 2986 ..........
743 2921 789 2985 Et
812 2921 924 2986 sciatis
946 2943 1006 3008 pro
1029 2926 1119 2986 certo
1134 2921 1222 3007 quod
1237 2925 1346 2987 totum
1417 2894 1463 2932 ω’

286 3043 457 3086 commune
479 3022 598 3109 patriae
620 3023 783 3088 miserunt
805 3022 972 3109 religiosos
995 3025 1083 3089 viros
1105 3023 1148 3088 ad
1175 3022 1345 3088 dominum

285 3145 394 3209 regern
426 3123 582 3204 Franciae,
625 3125 847 3211 supplicantes
887 3125 995 3190 eidem
1030 3130 1070 3190 ut
1106 3146 1204 3212 super
1248 3131 1345 3192 tanta

285 3232 374 3311 peste
404 3225 560 3312 dignetur
589 3226 760 3292 consilium
794 3247 891 3292 suum
922 3249 1085 3314 apponere
1116 3234 1150 3293 et
1175 3227 1342 3313 juvamen

286 3327 332 3392 Et
365 3350 439 3392 cnm
473 3350 533 3414 ego
566 3334 703 3415 propter
736 3329 886 3394 infinitos
924 3329 1078 3394 clamores
1116 3329 1175 3414 qui
1211 3329 1253 3393 ad
1291 3351 1344 3395 me

285 3429 464 3494 veniebant
486 3434 602 3494 contra
623 3429 711 3515 ipsos
733 3431 776 3496 ed
805 3431 932 3495 dictum
962 3437 1104 3496 castrum
1128 3431 1169 3495 de
1192 3431 1345 3496 Bordella

285 3532 500 3616 personaliter
528 3532 687 3610 venerim,
717 3537 751 3598 et
781 3554 835 3597 eos
869 3555 911 3597 ex
941 3537 1035 3619 parte
1059 3537 1170 3597 vestra
1199 3537 1234 3597 et
1271 3555 1344 3597 mea

284 3633 483 3718 requirerem
510 3640 550 3699 ut
573 3657 631 3720 per
646 3657 699 3700 me
724 3635 1000 3721 conquerentibus
1023 3634 1175 3699 emendas
1198 3635 1343 3699 sacment

285 3741 513 3821 competentes,
538 3737 677 3802 etmihi
701 3737 860 3823 quosdam
882 3742 996 3823 captos
1019 3737 1075 3822 qui
1098 3743 1177 3802 sunt
1199 3737 1239 3802 de
1255 3743 1343 3802 terra

284 3843 394 3902 vestra
420 3860 501 3924 quos
523 3843 639 3904 tenent
673 3839 891 3904 incarceratos
921 3839 1107 3915 liberarent,
1133 3838 1197 3925 ipsi
1230 3839 1343 3905 nolue-

283 3945 363 4003 runt
385 3961 444 4025 pro
466 3961 520 4004 me
542 3940 669 4026 aliquid
691 3940 804 4017 facere,
821 3962 881 4005 nec
903 3941 985 4004 mihi
1007 3940 1044 4004 in
1066 3940 1176 4026 aliquo
1200 3940 1340 4007 obedire.

285 4040 385 4106 Unde
399 4047 518 4107 vestrae
547 4043 719 4108 serenitati
742 4041 889 4128 supplico
912 4046 1074 4126 quatenus
1096 4063 1192 4127 super
1216 4046 1341 4107 statum

284 4143 363 4206 dicti
385 4143 485 4208 rastri
519 4145 559 4208 de
583 4143 736 4209 Bordella
767 4137 801 4207 et
834 4143 1007 4208 hominum
1037 4143 1095 4228 qui
1129 4147 1208 4207 sunt
1229 4141 1277 4206 ibi
1308 4148 1343 4208 et

283 4266 380 4329 super
416 4249 543 4311 statum
580 4245 707 4331 patriae,
738 4251 773 4310 et
805 4266 903 4330 super
935 4245 1129 4309 clamoribus
1163 4242 1275 4329 populi
1308 4249 1342 4307 et

284 4347 434 4430 querelis,
457 4369 532 4411 cum
562 4347 695 4412 domino
720 4348 919 4432 Raymundo
950 4346 991 4412 de
1019 4345 1120 4409 Bonis
1144 4345 1239 4422 Villa,
1266 4366 1341 4408 cum

283 4447 325 4510 ml
356 4454 500 4512 vestram
532 4450 741 4534 praesentiam
774 4449 911 4526 venerit,
950 4449 1124 4513 veritatem
1159 4469 1218 4534 per
1250 4445 1341 4530 jurn-

401 4653 582 4660 --—.—--.-.—.
609 4655 638 4659 --
652 4655 687 4660 -.
706 4654 819 4660 -.-...-..--«.
838 4655 922 4659 ...Α--

432 4788 439 4816 ¹
457 4786 505 4838 Sec
518 4787 751 4860 (Jourcellesfflairs
763 4789 901 4838 delirare
922 4785 956 4837 ir.
975 4787 1122 4848 Ventoclour,
1135 4804 1157 4852 p.
1173 4793 1194 4840 7.

371 4882 445 4932 VOL.
470 4884 507 4930 11.
1187 4886 1207 4931 P
