3609 5800
443 880 691 935 ILLUSTRATIVE
713 884 758 933 OF
780 884 850 933 THE
872 884 980 935 REIGN
1003 886 1048 935 OF
1069 886 1192 937 HENRY
1215 888 1264 938 Ill.
1338 874 1381 943 73
1404 862 1415 875 η

372 1072 480 1159 Super
509 1070 560 1136 his
591 1075 705 1137 autem
733 1075 768 1135 et
790 1070 864 1137 aliis
887 1070 1137 1157 gravaminibus
1159 1071 1255 1137 nobis
1277 1071 1382 1152 fectis,

328 1181 363 1239 ct
384 1174 529 1239 maxime
551 1194 648 1259 super
670 1171 765 1239 tallia
779 1194 878 1259 quam
900 1170 1018 1238 ballivi
1040 1173 1123 1239 dicti
1145 1174 1274 1239 comitis
1289 1172 1384 1238 uobis

327 1276 501 1356 iaciebant,
534 1298 608 1341 cum
643 1296 704 1340 nos
737 1275 840 1339 simus
871 1274 966 1341 liberi
999 1276 1178 1362 burgenses
1211 1277 1313 1343 vestri
1348 1279 1383 1341 et

328 1398 498 1465 nunquam
521 1378 648 1444 talliam
672 1376 823 1443 dedimus
849 1398 956 1464 neque
988 1378 1067 1443 dare
1101 1378 1284 1456 debeamus,
1309 1383 1384 1444 toto

328 1486 441 1547 nostra
470 1480 689 1547 communitas
721 1484 813 1545 mota
845 1480 920 1545 fuit.
973 1481 1027 1559 Et,
1060 1481 1216 1567 quicquid
1246 1481 1383 1561 dicatur,

328 1582 426 1669 regiae
452 1581 641 1649 celsitudini
671 1582 720 1648 rei
744 1582 922 1648 veritatem
944 1582 1170 1649 certificemus

372 1684 505 1749 Accidit
546 1690 659 1749 autem
699 1682 786 1770 quod
825 1688 898 1749 toto
936 1683 1057 1771 populo
1094 1686 1217 1752 dictam
1253 1686 1382 1752 talliam

328 1790 495 1865 renuente,
521 1784 656 1871 quidam
691 1784 732 1850 de
766 1784 985 1873 burgensibus
1015 1787 1137 1853 nostris
1167 1789 1226 1874 qui
1254 1788 1380 1854 talliam

327 1891 472 1957 fecerant
503 1895 538 1958 et
560 1891 632 1957 fieri
655 1898 924 1978 procuraverant,
947 1901 1047 1979 prout
1069 1894 1198 1971 scimus,
1228 1894 1382 1961 timentes

327 1992 493 2081 populmu,
517 1998 659 2059 castrum
683 2000 831 2060 vestrum
862 1994 904 2059 de
927 1994 1054 2081 Regula
1087 2018 1161 2061 cum
1191 1997 1292 2062 armis
1314 1998 1382 2062 suis

328 2099 362 2160 ct
393 2096 546 2161 omnibus
578 2095 755 2161 mobilibus
788 2096 875 2161 clara
902 2097 964 2176 die,
988 2098 1123 2163 vidente
1155 2104 1229 2165 toto
1251 2100 1381 2186 populo,

327 2198 558 2279 intraverunt3
598 2196 690 2261 nullo
735 2204 845 2263 autem
892 2199 933 2264 de
978 2199 1101 2285 populo
1145 2201 1191 2265 eis
1236 2202 1381 2286 aliquam

328 2299 498 2365 molestam
522 2298 700 2366 inserendo.
747 2300 793 2366 Et
815 2302 938 2379 statim,
956 2300 1035 2365 dum
1051 2302 1186 2367 fuerumt
1208 2303 1243 2367 in
1265 2307 1382 2380 cestro,

267 2390 268 2393 ¹
328 2402 462 2487 quidam
485 2425 598 2469 eorum
629 2424 703 2469 cum
733 2404 834 2468 armis
864 2404 932 2469 suis
958 2425 1017 2491 per
1046 2426 1201 2491 magnam
1234 2407 1380 2491 placeam

329 2504 560 2571 discurrerunt.
618 2506 743 2591 Populo
774 2526 852 2571 vero
881 2505 919 2569 in
948 2505 1108 2571 cimiterio
1138 2513 1233 2572 extra
1265 2506 1381 2572 villam

328 2606 498 2685 existente,
522 2628 595 2673 cum
622 2608 792 2673 audissent
817 2607 905 2693 ipsos
935 2606 1115 2674 discurrere
1146 2631 1205 2695 per
1225 2609 1380 2695 placeam,

328 2706 442 2773 villam
475 2710 695 2774 intraverunt.
753 2710 799 2775 Et
831 2710 945 2774 statim
978 2709 1014 2773 in
1048 2709 1209 2796 principio
1246 2710 1382 2776 fuerunt

328 2810 450 2875 mortui
473 2810 539 2878 duo
564 2812 741 2899 burgenses
767 2812 808 2877 ds
831 2811 1067 2877 communitate
1088 2816 1209 2878 nostra

372 2915 417 2979 Et
439 2913 499 2980 hoc
522 2915 647 2980 factum
673 2915 788 2979 statim
804 2914 886 2980 scire
910 2915 1045 2979 fecimus
1060 2915 1193 2980 domino
1216 2915 1382 2982 Willelmo

327 3015 464 3102 Pigorel,
488 3017 545 3102 qui
569 3017 656 3082 vices
679 3015 804 3081 domini
838 3015 969 3082 comitis
992 3016 1190 3101 Leycestriae
1220 3017 1257 3081 in
1287 3017 1402 3083 Was·'

327 3119 421 3182 conia
443 3118 585 3203 gerebat.
644 3117 868 3184 Credebamus
892 3118 981 3182 cuim
1004 3141 1062 3204 per
1084 3119 1193 3205 ipsum
1216 3117 1238 3183 h
1255 3170 1381 3188 ......

329 3219 533 3304 [emen]dari.
580 3219 657 3306 Ipse
687 3242 766 3286 vero
789 3241 863 3284 cum
894 3219 1062 3286 debuisset
1083 3221 1197 3286 venire
1220 3227 1379 3306 tanquam

327 3321 480 3386 dominus
502 3321 657 3408 pacificus
687 3331 721 3387 et
743 3322 915 3408 benignus,
940 3323 1034 3386 venit
1055 3343 1129 3387 cum
1152 3324 1300 3389 exercitu
1320 3347 1381 3390 suo

328 3433 362 3492 et
383 3427 499 3492 villam
521 3431 666 3493 vestram
689 3427 819 3493 obsedit
841 3476 1104 3493 .........
1128 3429 1381 3515 Burdegalcnsis

327 3529 595 3616 archiepiscopus,
610 3529 747 3595 audiens
762 3529 877 3594 villam
901 3533 1044 3594 vestram
1067 3529 1103 3593 in
1127 3534 1222 3596 tanto
1236 3531 1380 3616 periculo

327 3632 532 3710 existentem,
548 3653 661 3718 pacem
687 3633 776 3696 inter
800 3653 860 3696 nos
883 3636 919 3696 et
941 3631 1015 3696 illos
1038 3631 1096 3716 qui
1111 3636 1206 3696 erant
1221 3632 1258 3695 in
1273 3640 1381 3699 castro

326 3731 387 3797 ieci
404 3782 783 3800 .............
795 3733 910 3819 jurata
924 3756 944 3797 a
966 3738 1039 3798 toto
1053 3733 1174 3819 populo
1190 3737 1224 3798 et
1247 3734 1380 3800 domino

329 3835 495 3900 Willelmo
533 3834 673 3920 Pigorel.
729 3835 771 3899 In
806 3835 950 3900 crastino
984 3855 1063 3899 vero
1100 3835 1189 3900 idem
1226 3835 1380 3902 dominus

328 3937 512 4002 Willelmus
544 3937 680 4022 Pigorel,
705 3958 779 4002 cum
801 3958 861 4002 suo
884 3937 1042 4016 exercitu,
1064 3936 1125 4002 vill
1147 3987 1342 4004 .......
1372 3988 1380 4004 .

328 4089 522 4105 .......
547 4061 568 4104 a
597 4039 693 4104 nobis
723 4037 811 4118 fecit,
835 4039 871 4103 in
905 4038 1136 4105 interfectione
1166 4039 1379 4125 burgensium

327 4146 510 4205 vestrorum
542 4146 577 4206 ct
607 4141 832 4206 combustione
870 4141 1041 4207 domorum
1072 4147 1108 4205 et
1137 4141 1308 4205 vincamm
1342 4164 1381 4208 ac

326 4243 479 4306 arborum
495 4241 666 4321 decisione,
683 4242 772 4328 quod
787 4291 1378 4310 ...................

296 4351 298 4356 ’
326 4365 386 4430 per
409 4349 516 4408 totam
538 4344 682 4429 patriam
716 4343 778 4409 hoc
800 4343 919 4409 fuisset
950 4343 1169 4430 divulgatum.
1215 4344 1380 4410 Dominus

326 4495 518 4511 .......
550 4445 894 4522 enensis,collateralis
915 4453 1036 4525 noster,
1052 4452 1212 4532 tanquam
1234 4447 1322 4512 bono
1344 4454 1380 4514 et
1454 4495 1458 4500 ‚

326 4595 1138 4614 ..........................
1161 4548 1322 4614 internos
1344 4555 1379 4616 et

326 4649 401 4714 illos
424 4649 482 4733 qui
505 4653 600 4714 erant
622 4649 659 4712 in
683 4653 788 4714 castro
811 4649 935 4736 depae
951 4701 1234 4717 ..........
1250 4651 1378 4737 accipit

328 4750 478 4814 Recedsn
494 4799 1163 4817 .......................
1186 4773 1226 4817 us
1249 4753 1378 4839 Pigorel
