3609 5800
470 865 535 928 330
625 875 740 926 noran
762 875 836 926 suu
858 874 976 926 ornus
998 875 1207 926 msrourcsn
1229 876 1376 926 nunnus

469 1052 602 1118 Sanotse
647 1049 830 1128 Trinitatis,
867 1051 923 1116 vel
960 1051 1102 1118 ulterius
1137 1051 1309 1138 prorogari
1345 1053 1523 1118 seeundum

468 1155 557 1241 quod
579 1175 638 1242 per
661 1154 774 1220 literas
802 1157 933 1220 nostras
954 1153 1211 1243 significavimus
1231 1153 1370 1242 praefato
1391 1155 1525 1221 domino

469 1257 655 1336 Edwsndo;
677 1255 756 1342 quia
778 1277 838 1322 nos
857 1257 968 1342 parati
985 1258 1107 1324 erimus
1124 1256 1252 1322 dietuin
1269 1257 1524 1346 parliamentum

468 1364 581 1424 tenere
620 1358 799 1424 seeundum
838 1360 928 1444 quod
961 1359 1035 1445 jam
1071 1360 1265 1446 recipiemus
1301 1382 1323 1425 a
1358 1359 1455 1424 vobis
1487 1359 1523 1424 in

468 1461 643 1528 mandatis

513 1563 642 1630 Datum
673 1563 763 1650 opud
797 1562 971 1650 Denbych‚
1004 1562 1058 1628 dio
1088 1563 1227 1629 Veneris
1259 1563 1411 1650 proxima
1443 1567 1523 1630 ants

468 1668 589 1732 festum
613 1665 822 1734 Penteoostis
1275 1715 1279 1721 .

687 2334 841 2400 Lsrrsus
863 2333 1004 2400 Pennus
1025 2349 1070 2398 or
1086 2333 1222 2402 ΗΜ
1245 2332 1308 2398 ΙΙΙ.

817 2477 916 2544 (Royal
925 2477 1034 2535 Μαι.
1044 2477 1094 2528 No.
1106 2479 1177 2542 200.)

300 2633 444 2686 Soonmer
514 2613 721 2701 H[enrious],
743 2612 810 2678 Dei
831 2613 943 2700 gratia
973 2635 1032 2678 rex
1054 2611 1195 2699 anglia,
1218 2612 1372 2678 dominus
1401 2611 1523 2678 Hiber·

298 2701 368 2766 Aug.
383 2705 421 2762 ¹⁵’
468 2719 534 2784 niae
556 2723 591 2783 ot
623 2718 695 2782 dux
717 2715 946 2802 Aquitunniss,
969 2715 1124 2781 omnibus
1153 2715 1197 2780 nd
1230 2735 1314 2802 quos
1344 2721 1524 2803 praesentes

301 2773 372 2818 lm
469 2820 577 2886 literae
599 2819 821 2909 pervenerint,
844 2819 993 2885 sulutem.

298 2940 348 2990 We
359 2940 439 2991 direct
514 2925 599 2989 Cum
621 2924 710 2989 inter
731 2944 792 2988 nos
814 2930 848 2989 et
879 2922 1092 3009 magnifieum
1125 2922 1307 3009 prinoipem
1329 2919 1521 3009 Magnum]

298 3007 427 3123 ᾆξ’ζεᾞὲξθ
466 3048 577 3113 regem
600 3025 788 3112 Norwogiae
817 3024 981 3091 illustrem
1013 3046 1083 3112 pax
1118 3025 1205 3091 inita
1235 3024 1281 3091 sit
1313 3031 1349 3090 et
1381 3025 1523 3104 firmata,

299 3146 325 3189 to
336 3140 379 3191 the
389 3138 455 3190 Nor·
466 3150 565 3215 super
580 3127 734 3195 omnibus
756 3126 1021 3214 spoliationibus,
1043 3128 1183 3206 domnis,
1198 3127 1330 3214 injuriis
1345 3129 1523 3193 eorundem

298 3206 441 3324 {Qum
466 3252 580 3319 regum
602 3230 774 3317 regnicolis
795 3252 900 3316 usque
922 3232 965 3296 ad
988 3230 1075 3295 diem
1097 3230 1253 3296 Mercurii
1274 3230 1427 3317 proxima
1446 3236 1524 3316 post

298 3340 368 3389 tote
382 3344 455 3393 made
467 3333 590 3399 festum
611 3332 857 3419 Assumptionis
879 3333 916 3397 B.
940 3331 1067 3411 Marisa,
1089 3353 1178 3398 anno
1210 3334 1327 3419 gratioe
1349 3332 1522 3398 millesimo

297 3406 371 3471 ⁸⁰⁰⁶·
467 3436 691 3501 duoentesimo
713 3434 918 3522 sexagesimo
938 3456 1028 3499 nono
1048 3434 1161 3509 illatis,
1176 3436 1322 3522 exeeptis
1344 3435 1523 3500 dumtaxat

467 3539 596 3603 domnis
619 3543 654 3604 et
675 3538 805 3624 injuriis
827 3536 960 3602 Noricis
979 3537 1083 3603 illatis
1097 3558 1185 3602 anno
1199 3538 1359 3625 praedieto
1380 3537 1417 3601 in
1438 3559 1523 3601 nun-

467 3641 556 3706 dinis
572 3640 603 3707 S.
621 3640 780 3727 Botulphi
802 3660 861 3727 per
876 3639 900 3704 J
901 3639 1065 3705 ohannem
1078 3640 1121 3705 de
1136 3638 1346 3727 Benyngton
1362 3640 1521 3705 Thomsm

466 3744 507 3809 de
537 3743 571 3808 lu
603 3742 736 3821 Gutere,
771 3742 937 3831 Rogerum
969 3740 1230 3829 Ohaumpeneys,
1253 3749 1288 3809 st
1318 3743 1521 3810 Willelmum

467 3846 728 3932 Obaumpenoys,
750 3848 786 3911 et
817 3846 919 3911 etium
952 3845 1100 3931 exeeptis
1130 3845 1384 3931 spoliationibus
1406 3850 1441 3911 et
1470 3847 1522 3911 in·

460 3948 559 4036 juriis
592 3946 723 4013 Noricis
757 3946 860 4013 illatis
890 3968 965 4034 per-
984 3946 1188 4014 willelmum
1219 3947 1260 4012 de
1294 3948 1364 4013 Len
1393 3953 1429 4015 et
1461 3949 1521 4014 Jo-

465 4052 609 4119 hunnem
641 4050 682 4115 de
713 4048 856 4129 Bolton;
887 4048 1042 4116 volumus
1075 4054 1111 4115 et
1143 4050 1352 4115 oonoedimua
1384 4050 1521 4137 praefato

465 4154 533 4241 regi
557 4152 745 4238 Norwagiae
777 4150 865 4237 quod
896 4152 1057 4238 praedicta
1087 4152 1209 4217 damna
1229 4158 1264 4218 et
1286 4153 1418 4238 injuriae
1439 4175 1522 4240 proe·

467 4257 562 4323 dictis
597 4254 729 4321 Noricis
761 4254 858 4320 illota
886 4254 926 4318 in
955 4255 1116 4320 nundinis
1148 4255 1326 4341 praedictis,
1354 4262 1389 4322 et
1418 4258 1520 4322 etiam

465 4358 614 4445 praefatis
630 4358 761 4423 Noriois
775 4356 931 4423 similiter
951 4356 1047 4422 illata
1067 4378 1126 4445 per
1147 4358 1303 4445 praelatos
1317 4358 1520 4425 Willelmum

465 4463 506 4527 de
530 4462 600 4527 Len
622 4466 657 4527 et
679 4460 703 4525 J
704 4461 867 4526 ohannem
890 4460 931 4525 do
954 4458 1092 4526 Bolton¹
1116 4462 1326 4548 oonigantur
1351 4467 1387 4527 et
1412 4484 1521 4529 emen·

478 4653 514 4659 -
525 4653 531 4658 -
540 4654 571 4659 -.
581 4652 640 4659 .-—·
652 4651 833 4657 ..—---.----
842 4652 867 4657 --
875 4651 930 4656 ——-
943 4651 1026 4657 --—-
1038 4652 1268 4659 .—.-.—-....-.

662 4760 1335 4828 mammenusmaeauosua
