3609 5800
725 895 904 946 tersum
927 899 963 946 ll.
1304 891 1370 956 385

317 1057 462 1118 Jobaunis
488 1061 623 1119 Maunsel
650 1066 803 1137 prepositi
826 1067 991 1134 Bevcrlaci,
1019 1075 1047 1126 et
1072 1069 1155 1126 Patri
1186 1071 1374 1146 Ohaceporlre

315 1144 511 1201 archidiaconi
529 1144 697 1213 Wsllensis,
718 1148 748 1202 in
773 1167 846 1221 quos
865 1155 926 1206 tam
952 1150 1032 1206 idem
1058 1152 1194 1210 domiuus
1212 1173 1264 1210 rex
1283 1174 1372 1228 quam

313 1227 471 1298 pradictus
490 1247 586 1286 comes
605 1233 870 1303 compromiserunt
887 1240 918 1290 et
929 1243 1138 1293 concesserunt
1155 1239 1233 1310 quod
1251 1241 1372 1297 stabunt

314 1309 392 1368 dicto
417 1331 470 1368 suo
496 1319 557 1370 tam
583 1333 672 1386 super
689 1315 851 1388 premissis
877 1335 966 1388 quam
992 1337 1081 1392 super
1109 1322 1294 1395 subscriptis,
1317 1325 1370 1396 qui

313 1393 424 1450 dictum
443 1415 529 1452 suum
557 1415 645 1470 super
663 1399 710 1454 his
728 1399 828 1456 dicent
845 1401 876 1456 in
897 1403 1038 1473 praedicto
1056 1405 1131 1460 festo
1149 1396 1370 1479 Assumptionis

311 1476 404 1534 beatas
422 1479 524 1536 Mariae
542 1482 673 1552 proximo
698 1485 807 1540 futuro.
846 1485 894 1540 Ita
914 1491 1011 1541 temen
1032 1488 1110 1559 quod
1127 1489 1181 1544 illa
1198 1490 1257 1546 duo
1274 1491 1370 1547 millia

311 1579 477 1618 marcarum
496 1581 568 1636 quas
594 1565 730 1622 dominus
755 1585 808 1622 rex
834 1567 957 1624 liberari
975 1569 1063 1626 saciet
1088 1571 1185 1628 eidem
1212 1574 1312 1630 comiti
1331 1575 1369 1630 ad

312 1647 490 1702 scaccarium
517 1667 603 1704 suum
621 1651 652 1705 in
671 1651 819 1722 quindena
836 1652 990 1709 Paschatis
1008 1654 1141 1726 proximo
1159 1656 1253 1712 futuri
1271 1657 1369 1714 eidem

311 1732 410 1786 comiti
429 1733 673 1805 computabuntur
691 1735 721 1790 in
739 1734 880 1806 praedicta
898 1739 1166 1809 recompensatione
1192 1739 1230 1796 ad
1255 1739 1367 1796 dictum

310 1815 518 1885 praedictorum
536 1816 712 1874 dictatorum
725 1820 751 1874 si
764 1825 878 1876 tantmn
897 1821 925 1874 ei
944 1820 1094 1886 debeatur,
1109 1827 1140 1877 et
1157 1823 1183 1878 si
1201 1823 1270 1895 plus
1287 1823 1366 1897 plus,

309 1903 340 1952 at
357 1899 383 1953 si
401 1900 497 1956 minus
519 1902 633 1968 minus;
660 1901 685 1958 si
707 1919 777 1959 vero
796 1909 915 1974 recepta
933 1903 1055 1959 excedat
1075 1921 1220 1961 summam
1242 1907 1365 1978 praedic·

308 1987 405 2038 tarum
423 1985 574 2050 misarum,
593 1985 671 2040 idem
697 2003 794 2042 comes
821 1987 959 2043 restituet
986 1987 1103 2044 domino
1130 1990 1196 2061 regi
1223 1992 1366 2062 predicta

308 2064 367 2120 duo
384 2067 479 2122 millia
496 2085 660 2124 marcarum
678 2087 737 2124 una
754 2087 822 2125 cum
835 2070 1060 2143 superplusegio
1078 2073 1105 2127 si
1124 2073 1203 2144 qnod
1220 2075 1320 2140 fuerit,
1335 2082 1366 2131 et

309 2149 469 2207 satisfaciet
486 2151 582 2208 cidem
601 2151 718 2208 domino
743 2154 809 2224 regi
834 2155 871 2209 ad
899 2155 1012 2210 dictum
1038 2155 1247 2226 praedictorum
1273 2157 1365 2214 dicta-

307 2237 405 2289 torum
423 2233 459 2289 de
477 2235 618 2307 praedicta
635 2238 768 2308 pecunia.
805 2237 854 2292 Ad
878 2237 958 2309 quod
984 2238 1151 2294 iaciendum
1168 2240 1247 2295 idem
1265 2259 1363 2296 comes

307 2315 419 2388 obliget
436 2335 468 2372 se
486 2325 517 2375 et
533 2318 656 2376 heredes
675 2338 744 2376 suos
763 2326 793 2375 et
810 2321 909 2376 omnia
926 2321 1002 2376 bona
1014 2339 1069 2376 sua
1079 2322 1201 2378 mobilia
1218 2329 1249 2378 et
1261 2324 1363 2379 immo-

307 2397 379 2454 bilia
396 2403 517 2472 praelato
536 2402 652 2458 domino
670 2404 734 2474 regi
755 2410 785 2459 et
802 2404 961 2460 heredibus
980 2407 1051 2459 suis.

341 2483 381 2538 Et
408 2485 558 2540 sciendum
586 2487 664 2558 quod
692 2487 771 2542 idem
798 2486 935 2543 dominus
962 2505 1014 2542 rex
1031 2488 1079 2542 vel
1097 2488 1220 2544 heredes
1240 2491 1286 2544 sui
1304 2508 1363 2546 non

306 2567 414 2625 sacient
438 2568 567 2640 aliquam
594 2571 808 2626 districtionem
835 2589 925 2643 super
951 2570 1126 2643 praedictum
1151 2573 1288 2628 comitem
1313 2575 1362 2629 vel

304 2651 427 2708 heredes
446 2671 514 2710 snos
532 2671 586 2726 pro
603 2655 753 2726 predictis
772 2653 885 2710 duobus
903 2655 1037 2711 millibus
1055 2665 1221 2711 marcarum
1233 2657 1282 2710 vel
1294 2657 1362 2713 aliis

304 2734 411 2792 debitis
430 2738 581 2794 occasione
596 2737 684 2808 hujus
697 2738 927 2808 compositionis,
941 2737 1033 2794 donec
1051 2738 1184 2810 praedicti
1203 2739 1361 2796 dictatores

304 2818 431 2876 dixerint
449 2821 561 2876 dictum
579 2838 674 2876 suum.
711 2821 751 2876 Et
776 2822 802 2876 si
829 2822 930 2892 eliqua
953 2823 1079 2894 pecunia
1104 2821 1246 2877 debeatur
1264 2823 1360 2878 eidem

304 2904 403 2959 comiti
429 2905 515 2961 modo
541 2906 691 2977 predicto,
718 2914 748 2961 ct
774 2905 852 2961 infra
882 2907 992 2961 festum
1019 2905 1158 2961 Omnium
1186 2905 1360 2962 Sanctorum

302 2989 434 3059 proximo
461 2988 594 3044 futurum
621 2990 648 3043 ei
674 2988 722 3043 vel
748 2988 907 3043 heredibus
933 3006 986 3044 seu
1004 2989 1207 3045 executoribus
1227 2991 1288 3045 suis
1306 3008 1361 3063 per

303 3071 453 3127 dominum
470 3090 572 3143 regem
591 3090 680 3143 super
698 3072 753 3129 hoc
770 3090 827 3127 non
846 3070 938 3127 fuerit
961 3072 1154 3137 satisfactum,
1176 3073 1228 3128 ille
1246 3072 1295 3127 vel
1313 3074 1359 3130 illi

302 3156 353 3225 qui
365 3155 507 3226 praediota
518 3161 615 3212 castra
625 3172 678 3227 per
690 3155 841 3212 dominnm
853 3173 956 3227 regem
973 3156 1124 3212 tenuerint
1142 3156 1244 3212 eadem
1262 3162 1359 3213 castra

301 3239 333 3293 iu
351 3243 429 3294 statu
447 3239 478 3293 in
498 3256 555 3311 quo
580 3256 615 3293 ea
639 3245 813 3311 receperunt
839 3240 998 3295 restituent
1020 3239 1162 3311 praedicto
1186 3240 1286 3296 comiti
1309 3241 1359 3297 vel

300 3323 389 3379 certis
408 3323 565 3393 assignatis
584 3323 656 3387 suis,
671 3324 733 3377 sive
751 3323 852 3378 vivant
870 3324 934 3378 sive
952 3324 1124 3387 moriantur,
1144 3324 1206 3378 siue
1226 3324 1357 3393 qualibet

300 3406 538 3471 contradictione,
552 3406 583 3461 in
595 3407 671 3461 iesto
685 3406 784 3462 Sancti
796 3406 923 3461 Andreae
941 3407 1065 3478 apostoli
1084 3407 1217 3478 proximo
1236 3407 1355 3473 intur03

300 3495 330 3546 et
346 3490 401 3546 hoc
420 3490 498 3545 idem
516 3490 567 3545 liet
585 3491 610 3546 si
629 3490 762 3562 predicti
775 3490 932 3546 dictatores
943 3490 1021 3545 inira
1031 3490 1109 3545 idem
1122 3491 1231 3545 festum
1243 3490 1355 3545 dictum

299 3590 385 3629 suum
412 3591 470 3629 non
494 3572 621 3630 dixerint
646 3573 694 3630 vel
721 3573 819 3629 dicere
837 3591 895 3629 uon
912 3574 1070 3645 potuerint,
1091 3573 1161 3629 dum
1179 3578 1278 3628 tamma
1302 3592 1355 3644 per

298 3656 396 3730 ipsum
414 3659 551 3713 comitem
568 3658 617 3714 vel
642 3675 696 3730 per
713 3676 782 3713 suos
800 3658 849 3713 vel
871 3658 1001 3727 aliquem
1019 3676 1055 3713 ex
1072 3658 1134 3713 suis
1152 3674 1210 3712 non
1229 3658 1353 3729 impedi·

298 3748 365 3797 atur
377 3742 425 3797 vel
437 3747 596 3797 remaneat.
634 3741 682 3797 Ad
695 3742 772 3813 quod
787 3742 953 3797 laciendum
964 3742 1043 3796 idem
1056 3742 1191 3797 dominus
1203 3758 1255 3797 rex
1264 3742 1353 3798 faciet

298 3826 432 3881 custodes
460 3824 618 3881 eorundem
644 3831 808 3881 castmrum
830 3824 942 3895 jurare,
968 3831 999 3879 et
1026 3826 1162 3896 predicti
1193 3824 1349 3879 dictatores

297 3910 461 3982 computari
480 3909 596 3974 facient,
617 3908 642 3965 si
661 3909 697 3964 de
713 3908 781 3979 jure
800 3908 891 3965 fuerit
909 3909 1085 3973 laciendum,
1106 3908 1159 3963 illa
1176 3908 1235 3963 duo
1255 3908 1351 3962 millia

296 4010 460 4047 marcarum
480 4010 552 4064 quas
570 3992 729 4064 proedictus
747 4009 843 4047 comes
861 3992 974 4064 recepit
985 4010 1003 4047 a
1014 3992 1131 4048 domino
1142 4008 1214 4062 rege
1233 3991 1350 4060 quaudo

295 4077 391 4148 primo
415 4078 528 4148 recepit
552 4082 660 4131 terram
678 4076 841 4132 Wasconiae
871 4075 1101 4138 custodiendam,
1121 4080 1152 4130 et
1181 4074 1270 4129 etiam
1298 4074 1348 4127 de·

295 4161 392 4215 uarios
410 4160 477 4216 illos
503 4176 576 4231 quos
594 4160 672 4215 idem
690 4160 826 4215 domiuus
844 4178 896 4215 rex
918 4160 946 4214 ei
963 4160 1083 4214 liberari
1101 4158 1172 4213 fecit
1189 4159 1221 4213 in
1237 4156 1349 4227 Anglia

294 4243 332 4300 ad
349 4244 526 4301 munitiones
544 4244 751 4316 praedictorum
774 4249 938 4299 castrorum
956 4248 987 4297 et
1003 4241 1149 4312 quandam
1167 4242 1348 4297 firmaturam

295 4326 463 4383 eorundem.
515 4327 659 4383 Dominus
684 4332 782 4384 autem
807 4344 859 4381 rex
885 4326 964 4381 inira
989 4326 1148 4381 terminum
1172 4323 1347 4397 praedictum

293 4412 450 4467 restituere
467 4429 526 4467 non
551 4412 660 4483 poterit
677 4417 773 4467 castra
790 4410 933 4483 predicta
949 4410 997 4467 vel
1015 4408 1136 4480 aliquod
1152 4411 1284 4481 ipsorum
1302 4408 1348 4463 illi

292 4494 340 4549 rel
359 4494 420 4550 illis
439 4496 489 4567 qui
505 4496 556 4566 jus
575 4496 632 4551 sibi
648 4495 804 4552 vendicant
821 4495 853 4548 in
870 4494 953 4565 ipsis,
966 4493 1016 4548 vel
1033 4494 1121 4549 etiam
1140 4510 1175 4548 eu
1191 4492 1259 4547 aliis
1276 4492 1347 4547 dare

292 4578 341 4633 vel
366 4578 503 4643 alienare,
522 4580 581 4635 uisi
604 4580 687 4652 prius
707 4578 869 4635 satisfaciat
885 4576 1026 4649 praedicto
1044 4577 1145 4633 comiti
1169 4576 1206 4631 de
1222 4576 1348 4647 pecunia

292 4662 318 4717 si
338 4678 396 4734 qua
413 4662 441 4717 ei
459 4662 600 4719 debeatur
618 4662 704 4719 modo
721 4661 871 4735 praedicto,
883 4660 934 4718 vel
951 4660 1056 4717 saltem
1074 4660 1102 4715 ei
1119 4660 1187 4715 inde
1200 4660 1347 4715 sufficiens

292 4746 435 4802 securitas
453 4752 610 4819 prestetur
628 4746 666 4803 ad
683 4746 796 4803 dictum
813 4745 1024 4819 praedictorum
1041 4744 1226 4801 dictatorum.
1262 4744 1302 4799 Et
1320 4744 1346 4799 si

291 4828 432 4901 pronote
448 4836 555 4899 castra,
569 4831 617 4888 vel
636 4830 756 4903 aliquod
774 4830 915 4902 ipsorum,
936 4829 1008 4886 dum
1025 4828 1161 4885 dominus
1179 4846 1231 4885 rex
1249 4846 1284 4883 ea
1302 4835 1344 4885 te·

381 4930 457 4979 VOb.
481 4930 515 4979 11.
1146 4930 1168 4978 B
1189 4930 1212 4978 B
