3609 5800
430 895 494 958 190
584 907 697 957 sorno
718 905 791 958 nun
815 907 930 956 ornnr
952 907 1159 958 ursromonn
1182 909 1333 958 ramnus

429 1105 537 1171 penso,
561 1085 672 1150 dicens
698 1086 787 1172 quod
802 1085 936 1150 nescitis
954 1086 1028 1172 quis
1049 1086 1120 1172 ipse
1143 1091 1246 1152 estet
1269 1085 1356 1173 quod
1380 1085 1479 1170 scrip·

429 1185 519 1251 sistis
548 1186 739 1252 Alexandro
770 1209 866 1274 papae
896 1193 931 1253 et
961 1210 1029 1254 non
1055 1188 1120 1253 eibi
1145 1237 1403 1256 .........
1433 1209 1482 1252 re-

429 1310 585 1375 sponsum
600 1289 690 1376 quod
704 1312 772 1355 non
786 1290 964 1378 scripsistis
979 1290 1170 1356 Alexandro
1192 1291 1272 1377 quio
1286 1290 1476 1356 Alexandro

430 1395 487 1459 sed
516 1396 595 1481 quia
623 1417 726 1483 papie,
753 1419 814 1463 neo
836 1396 986 1464 scribetis
1009 1397 1040 1462 ei
1062 1419 1208 1484 unquam
1239 1398 1318 1484 quia
1341 1397 1480 1463 Urbano

430 1497 488 1562 sed
512 1497 592 1584 quie
614 1521 719 1586 papae.

262 1636 416 1690 Hemeseo
474 1600 570 1664 Nihil
599 1606 713 1667 autem
744 1607 826 1668 tunc
841 1603 998 1690 'amplius
1033 1603 1180 1680 obtento,
1215 1602 1375 1689 requisivi
1408 1624 1482 1668 cum

262 1705 375 1768 youhao
429 1703 514 1768 socio
545 1725 619 1769 meo
648 1705 800 1770 dominos
835 1705 866 1771 J,
900 1705 1166 1794 Thol[osannm]‚
1204 1703 1235 1770 J.
1275 1704 1482 1786 Geietenum,

261 1772 367 1901 {imagi
372 1847 398 1890 at
429 1811 464 1872 et
493 1805 628 1872 fratrem
660 1809 846 1896 Hugonem,
881 1809 941 1895 qui
973 1809 1169 1875 dicebantur
1202 1808 1320 1895 prioris
1357 1807 1483 1896 negotii

262 1905 396 2022 ῑξζοθῡῗὲ
429 1915 638 1997 promotores
701 1911 929 1978 Promiserunt
959 1934 992 1978 se
1022 1933 1196 1998 procurare
1227 1911 1319 1976 illam
1349 1911 1481 1977 literam

262 1988 363 2104 exacti}
391 1989 405 2023 ⁰
429 2012 584 2100 expediri,
620 2015 708 2100 quod
741 2019 854 2079 tamen
883 2035 949 2080 non
988 2014 1144 2092 fecerunt,
1178 2013 1257 2101 quia
1293 2013 1378 2079 forte
1416 2036 1483 2078 non

262 2107 375 2224 ξΡΡιξὲξξ
430 2120 489 2204 pot
511 2120 537 2181 .'
541 2167 951 2185 ..............
975 2123 1015 2182 ut
1036 2118 1126 2204 prius
1154 2116 1236 2182 mihi
1262 2121 1297 2182 et
1326 2117 1484 2204 magistro

275 2187 306 2236 eq
376 2211 382 2224 ’
430 2219 557 2306 Rogero
579 2221 750 2307 respondit
772 2220 861 2306 quod
890 2221 957 2286 fuit
980 2221 1116 2308 quidem
1142 2221 1179 2284 in
1209 2220 1308 2300 curis,
1332 2219 1390 2306 qui
1411 2225 1485 2285 tan·

430 2344 529 2408 quem
560 2329 751 2410 procurator
783 2327 894 2389 vester
924 2324 1058 2389 nomine
1091 2329 1203 2389 vestro
1234 2323 1333 2410 petiit
1372 2345 1483 2410 paoem

430 2426 555 2492 ordinis
568 2426 649 2492 novi
658 2426 848 2512 juramento
869 2427 1035 2494 firmatam
1057 2475 1280 2495 ........
1304 2433 1338 2493 et
1358 2432 1484 2492 vestros

430 2579 556 2597 .....
575 2551 633 2595 nee
646 2529 845 2595 auctoritate
859 2531 1039 2616 apostolica
1053 2529 1247 2608 confirmari,
1259 2530 1352 2616 cujus
1367 2530 1485 2595 confir·

430 2631 587 2698 metionis
615 2631 747 2698 literam
776 2639 958 2718 grossatam
988 2631 1101 2698 tenuit
1129 2632 1165 2696 in
1200 2653 1367 2718 suspenso,
1398 2632 1483 2698 sieut

431 2737 586 2799 nostram

476 2836 541 2903 Cui
571 2857 646 2903 cum
675 2838 793 2903 rubore
826 2837 980 2925 respondi
1013 2859 1067 2904 me
1101 2857 1170 2903 non
1211 2837 1340 2904 credere
1382 2837 1482 2903 talem

431 2962 498 3005 esse
520 2941 557 3005 in
580 2940 672 3006 curia
693 2946 841 3007 vestrum
864 2946 1118 3028 procuratorem,
1145 2940 1246 3007 immo
1269 2940 1382 3029 potius
1411 2961 1483 3005 ves-

431 3049 521 3108 trum
554 3043 764 3131 proditorem,
786 3044 879 3129 cujus
900 3066 1022 3110 nomen
1052 3050 1086 3109 ot
1117 3042 1187 3130 ejus
1221 3042 1483 3131 procuratorium

430 3146 536 3232 petivi
561 3168 636 3211 cum
657 3146 821 3211 instantia
850 3147 934 3211 mihi
957 3145 1131 3213 exhiberi:
1163 3146 1251 3232 quod
1273 3152 1386 3212 tamen
1416 3166 1484 3210 non

430 3249 591 3315 concessit
621 3270 709 3337 pape
739 3249 928 3337 praedictus,
959 3250 1017 3315 sed
1041 3250 1205 3337 expressit
1227 3248 1361 3336 praeciee
1395 3248 1484 3335 quod

431 3358 566 3439 propter
603 3350 754 3418 tentam¹
795 3403 958 3422 ......
991 3352 1197 3419 diversorum
1234 3355 1481 3439 procuratorum

431 3456 599 3543 utrimque
614 3457 785 3545 negotium
804 3461 918 3522 tenere
940 3456 1047 3522 voluit
1069 3455 1106 3521 in
1128 3476 1295 3544 suspenso,
1311 3476 1481 3543 quousque

429 3580 489 3645 per
510 3580 614 3625 novas
636 3559 751 3624 literas
773 3562 902 3625 vestras
932 3559 1013 3625 scire
1036 3564 1146 3645 posset
1171 3580 1311 3645 quorum
1334 3579 1484 3645 procura-

429 3670 539 3726 torum
561 3662 738 3749 petitiones
768 3682 825 3727 seu
855 3660 1108 3749 supplicationes
1130 3661 1263 3726 nominc
1285 3664 1396 3727 vestro
1419 3660 1482 3724 eibi

429 3763 533 3830 factas
553 3769 643 3829 ratas
664 3764 781 3830 haberi
804 3764 945 3850 [vestra]
968 3763 1152 3829 decreverit
1174 3762 1392 3851 providentia

262 3904 335 3957 Ian
347 3907 380 3956 <10
474 3866 677 3933 Erubeseens
692 3866 807 3953 igitur,
821 3866 973 3931 titubans
989 3871 1024 3932 ct
1039 3866 1223 3954 perplexus,
1234 3870 1368 3954 propter
1379 3865 1482 3931 verba

262 3973 409 4040 nothingin
428 3970 548 4036 summi
578 3970 745 4057 pontificis
775 3968 953 4034 asserentis
991 3968 1094 4033 alium
1132 3990 1200 4034 esee
1234 3974 1478 4057 procuratorem

263 4056 366 4171 ἓξὲξ
427 4074 596 4161 praemisse
623 4076 804 4159 petentem,
835 4072 945 4138 nescio
975 4072 1055 4157 quid
1085 4092 1210 4159 rogare,
1234 4072 1315 4159 quid
1344 4071 1479 4159 expedit

262 4174 408 4291 m&
428 4182 548 4243 vestrm
569 4175 740 4241 serenitati
755 4174 941 4263 significare
956 4174 1167 4255 faciendum3
1188 4174 1246 4240 sed
1268 4176 1296 4239 si
1319 4173 1479 4263 placuerit

262 4323 406 4439 {satu
425 4278 851 4469 fflpqssoepi
875 4276 1074 4446 ttlttt
1103 4282 1285 4461 aad
1309 4278 1480 4449 lact

262 4442 402 4559 illibffi
430 4486 513 4552 duos
536 4490 762 4571 procuratores
785 4484 822 4549 in
843 4483 936 4549 curia
959 4482 1115 4563 Romana,
1141 4484 1182 4549 de
1205 4484 1324 4571 quibus
1349 4484 1479 4571 [confi]-

262 4575 355 4626 lettere.

1295 4678 1479 4687 .-———..

796 4806 804 4836 ¹
822 4804 928 4872 anam]
947 4802 1071 4859 nouere
1082 4804 1108 4856 a
1119 4802 1176 4857 ue,
