<?xml version="1.0" encoding="UTF-8"?>
<!DOCTYPE html PUBLIC "-//W3C//DTD XHTML 1.0 Transitional//EN"
    "http://www.w3.org/TR/xhtml1/DTD/xhtml1-transitional.dtd">
<html xmlns="http://www.w3.org/1999/xhtml" xml:lang="en" lang="en">
 <head>
  <title>
</title>
<meta http-equiv="Content-Type" content="text/html;charset=utf-8" />
  <meta name='ocr-system' content='tesseract 3.04.00' />
  <meta name='ocr-capabilities' content='ocr_page ocr_carea ocr_par ocr_line ocrx_word'/>
</head>
<body>
  <div class='ocr_page' id='page_1' title='image "./royalandotherhi00shirgoog_0356.png"; bbox 0 0 3609 5800; ppageno 0'>
   <div class='ocr_carea' id='block_1_1' title="bbox 416 924 1358 988">
    <p class='ocr_par' dir='ltr' id='par_1_1' title="bbox 416 924 1358 988">
     <span class='ocr_line' id='line_1_1' title="bbox 416 924 1358 988; baseline -0.001 -2"><span class='ocrx_word' id='word_1_1' title='bbox 416 936 668 986; x_wconf 81' lang='lat' dir='ltr'><strong>rnnusrrnrrva</strong></span> <span class='ocrx_word' id='word_1_2' title='bbox 691 937 735 985; x_wconf 88' lang='lat' dir='ltr'><strong>or</strong></span> <span class='ocrx_word' id='word_1_3' title='bbox 759 937 829 986; x_wconf 81' lang='lat' dir='ltr'><strong>ras</strong></span> <span class='ocrx_word' id='word_1_4' title='bbox 852 939 958 987; x_wconf 76' lang='lat' dir='ltr'><strong>aaron</strong></span> <span class='ocrx_word' id='word_1_5' title='bbox 983 939 1027 988; x_wconf 87' lang='lat' dir='ltr'><strong>or</strong></span> <span class='ocrx_word' id='word_1_6' title='bbox 1050 937 1173 988; x_wconf 72' lang='lat' dir='ltr'><strong>naras</strong></span> <span class='ocrx_word' id='word_1_7' title='bbox 1195 939 1245 988; x_wconf 88' lang='lat'>111.</span> <span class='ocrx_word' id='word_1_8' title='bbox 1293 924 1358 986; x_wconf 76' lang='lat'><strong>285</strong></span> 
     </span>
    </p>
   </div>
   <div class='ocr_carea' id='block_1_2' title="bbox 303 1110 1363 4867">
    <p class='ocr_par' dir='ltr' id='par_1_2' title="bbox 303 1110 1359 1300">
     <span class='ocr_line' id='line_1_2' title="bbox 304 1110 1359 1197; baseline -0.004 -19"><span class='ocrx_word' id='word_1_9' title='bbox 304 1119 401 1178; x_wconf 80' lang='lat' dir='ltr'><strong>terrm</strong></span> <span class='ocrx_word' id='word_1_10' title='bbox 423 1119 545 1178; x_wconf 83' lang='lat' dir='ltr'><strong>nostrae</strong></span> <span class='ocrx_word' id='word_1_11' title='bbox 568 1134 629 1178; x_wconf 90' lang='lat' dir='ltr'><strong>nos</strong></span> <span class='ocrx_word' id='word_1_12' title='bbox 652 1115 686 1176; x_wconf 89' lang='lat' dir='ltr'><strong>et</strong></span> <span class='ocrx_word' id='word_1_13' title='bbox 708 1110 931 1197; x_wconf 79' lang='lat' dir='ltr'>principatum</span> <span class='ocrx_word' id='word_1_14' title='bbox 966 1115 1117 1174; x_wconf 91' lang='lat' dir='ltr'><strong>nostrum</strong></span> <span class='ocrx_word' id='word_1_15' title='bbox 1140 1114 1254 1174; x_wconf 88' lang='lat' dir='ltr'><strong>tenore</strong></span> <span class='ocrx_word' id='word_1_16' title='bbox 1276 1131 1359 1194; x_wconf 83' lang='lat' dir='ltr'><strong>prro-</strong></span> 
     </span>
     <span class='ocr_line' id='line_1_3' title="bbox 303 1213 984 1300; baseline -0.007 -22"><span class='ocrx_word' id='word_1_17' title='bbox 303 1213 448 1279; x_wconf 89' lang='lat' dir='ltr'><strong>sentium</strong></span> <span class='ocrx_word' id='word_1_18' title='bbox 471 1215 660 1300; x_wconf 79' lang='lat' dir='ltr'><strong>obligamus,</strong></span> <span class='ocrx_word' id='word_1_19' title='bbox 978 1265 984 1273; x_wconf 84' lang='lat'><em>.</em></span> 
     </span>
    </p>

    <p class='ocr_par' dir='ltr' id='par_1_3' title="bbox 304 1311 1361 1809">
     <span class='ocr_line' id='line_1_4' title="bbox 348 1311 1360 1402; baseline -0.002 -22"><span class='ocrx_word' id='word_1_20' title='bbox 348 1315 541 1381; x_wconf 87' lang='lat' dir='ltr'><strong>Juravimus</strong></span> <span class='ocrx_word' id='word_1_21' title='bbox 564 1318 698 1402; x_wconf 79' lang='lat' dir='ltr'><strong>insuper</strong></span> <span class='ocrx_word' id='word_1_22' title='bbox 731 1315 774 1379; x_wconf 90' lang='lat' dir='ltr'><strong>ad</strong></span> <span class='ocrx_word' id='word_1_23' title='bbox 805 1318 921 1378; x_wconf 88' lang='lat' dir='ltr'><strong>sancta</strong></span> <span class='ocrx_word' id='word_1_24' title='bbox 943 1311 1008 1378; x_wconf 89' lang='lat' dir='ltr'><strong>Dei</strong></span> <span class='ocrx_word' id='word_1_25' title='bbox 1030 1313 1214 1400; x_wconf 82' lang='lat' dir='ltr'><strong>Evangelia</strong></span> <span class='ocrx_word' id='word_1_26' title='bbox 1242 1335 1303 1378; x_wconf 90' lang='lat' dir='ltr'><strong>nos</strong></span> <span class='ocrx_word' id='word_1_27' title='bbox 1325 1319 1360 1378; x_wconf 89' lang='lat' dir='ltr'><strong>et</strong></span> 
     </span>
     <span class='ocr_line' id='line_1_5' title="bbox 304 1413 1360 1504; baseline -0.002 -22"><span class='ocrx_word' id='word_1_28' title='bbox 304 1423 476 1504; x_wconf 84' lang='lat' dir='ltr'><strong>magnates</strong></span> <span class='ocrx_word' id='word_1_29' title='bbox 516 1416 621 1482; x_wconf 78' lang='lat' dir='ltr'><strong>nostri</strong></span> <span class='ocrx_word' id='word_1_30' title='bbox 660 1415 822 1503; x_wconf 84' lang='lat' dir='ltr'><strong>praedicti,</strong></span> <span class='ocrx_word' id='word_1_31' title='bbox 856 1414 945 1500; x_wconf 87' lang='lat' dir='ltr'><strong>quod</strong></span> <span class='ocrx_word' id='word_1_32' title='bbox 982 1413 1174 1500; x_wconf 83' lang='lat' dir='ltr'><strong>praedictam</strong></span> <span class='ocrx_word' id='word_1_33' title='bbox 1213 1415 1360 1501; x_wconf 71' lang='lat' dir='ltr'><strong>pecuniae</strong></span> 
     </span>
     <span class='ocr_line' id='line_1_6' title="bbox 304 1515 1361 1605; baseline -0.004 -21"><span class='ocrx_word' id='word_1_34' title='bbox 304 1541 466 1584; x_wconf 88' lang='lat' dir='ltr'><strong>summam</strong></span> <span class='ocrx_word' id='word_1_35' title='bbox 496 1539 554 1605; x_wconf 89' lang='lat' dir='ltr'><strong>per</strong></span> <span class='ocrx_word' id='word_1_36' title='bbox 587 1517 766 1604; x_wconf 84' lang='lat' dir='ltr'><strong>particulas</strong></span> <span class='ocrx_word' id='word_1_37' title='bbox 798 1521 995 1582; x_wconf 83' lang='lat' dir='ltr'><strong>memoratos</strong></span> <span class='ocrx_word' id='word_1_38' title='bbox 1028 1516 1100 1580; x_wconf 85' lang='lat' dir='ltr'><strong>sine</strong></span> <span class='ocrx_word' id='word_1_39' title='bbox 1121 1515 1232 1600; x_wconf 87' lang='lat' dir='ltr'><strong>aliqua</strong></span> <span class='ocrx_word' id='word_1_40' title='bbox 1254 1515 1361 1581; x_wconf 90' lang='lat' dir='ltr'><strong>dimu-</strong></span> 
     </span>
     <span class='ocr_line' id='line_1_7' title="bbox 305 1618 1360 1706; baseline -0.003 -20"><span class='ocrx_word' id='word_1_41' title='bbox 305 1621 444 1688; x_wconf 90' lang='lat' dir='ltr'><strong>nutione</strong></span> <span class='ocrx_word' id='word_1_42' title='bbox 480 1621 534 1686; x_wconf 86' lang='lat' dir='ltr'><strong>vel</strong></span> <span class='ocrx_word' id='word_1_43' title='bbox 572 1620 686 1686; x_wconf 73' lang='lat' dir='ltr'><strong>bande</strong></span> <span class='ocrx_word' id='word_1_44' title='bbox 717 1619 845 1705; x_wconf 82' lang='lat' dir='ltr'><strong>integre</strong></span> <span class='ocrx_word' id='word_1_45' title='bbox 884 1623 919 1683; x_wconf 88' lang='lat' dir='ltr'><strong>et</strong></span> <span class='ocrx_word' id='word_1_46' title='bbox 956 1618 1102 1704; x_wconf 86' lang='lat' dir='ltr'><strong>plenarie</strong></span> <span class='ocrx_word' id='word_1_47' title='bbox 1139 1618 1360 1706; x_wconf 82' lang='lat' dir='ltr'>persolvemus</span> 
     </span>
     <span class='ocr_line' id='line_1_8' title="bbox 306 1720 1231 1809; baseline -0.002 -21"><span class='ocrx_word' id='word_1_48' title='bbox 306 1723 421 1788; x_wconf 91' lang='lat' dir='ltr'><strong>diebus</strong></span> <span class='ocrx_word' id='word_1_49' title='bbox 444 1728 478 1788; x_wconf 91' lang='lat' dir='ltr'><strong>ct</strong></span> <span class='ocrx_word' id='word_1_50' title='bbox 501 1723 570 1788; x_wconf 88' lang='lat' dir='ltr'><strong>loco</strong></span> <span class='ocrx_word' id='word_1_51' title='bbox 593 1721 833 1809; x_wconf 86' lang='lat' dir='ltr'><strong>suprascriptis,</strong></span> <span class='ocrx_word' id='word_1_52' title='bbox 849 1721 936 1786; x_wconf 89' lang='lat' dir='ltr'><strong>sicut</strong></span> <span class='ocrx_word' id='word_1_53' title='bbox 953 1720 1149 1807; x_wconf 84' lang='lat' dir='ltr'><strong>praedictum</strong></span> <span class='ocrx_word' id='word_1_54' title='bbox 1171 1726 1231 1786; x_wconf 85' lang='lat' dir='ltr'><strong>est.</strong></span> 
     </span>
    </p>

    <p class='ocr_par' dir='ltr' id='par_1_4' title="bbox 306 1821 1362 2705">
     <span class='ocr_line' id='line_1_9' title="bbox 351 1821 1361 1911; baseline -0.003 -20"><span class='ocrx_word' id='word_1_55' title='bbox 351 1825 626 1911; x_wconf 85' lang='lat' dir='ltr'><strong>Recognoseimus</strong></span> <span class='ocrx_word' id='word_1_56' title='bbox 671 1823 771 1889; x_wconf 91' lang='lat' dir='ltr'><strong>etiam</strong></span> <span class='ocrx_word' id='word_1_57' title='bbox 815 1823 905 1908; x_wconf 92' lang='lat' dir='ltr'><strong>quod</strong></span> <span class='ocrx_word' id='word_1_58' title='bbox 943 1821 1168 1908; x_wconf 79' lang='lat' dir='ltr'><strong>principatum</strong></span> <span class='ocrx_word' id='word_1_59' title='bbox 1209 1829 1361 1888; x_wconf 91' lang='lat' dir='ltr'><strong>nostrum</strong></span> 
     </span>
     <span class='ocr_line' id='line_1_10' title="bbox 307 1925 1362 2012; baseline 0.001 -22"><span class='ocrx_word' id='word_1_60' title='bbox 307 1927 508 2012; x_wconf 80' lang='lat' dir='ltr'><strong>Walliae,&#39;et</strong></span> <span class='ocrx_word' id='word_1_61' title='bbox 540 1926 649 1991; x_wconf 90' lang='lat' dir='ltr'><strong>omnia</strong></span> <span class='ocrx_word' id='word_1_62' title='bbox 681 1947 754 2011; x_wconf 83' lang='lat' dir='ltr'><strong>quae</strong></span> <span class='ocrx_word' id='word_1_63' title='bbox 782 1925 943 1990; x_wconf 88' lang='lat' dir='ltr'><strong>habemus</strong></span> <span class='ocrx_word' id='word_1_64' title='bbox 970 1930 1006 1990; x_wconf 90' lang='lat' dir='ltr'><strong>et</strong></span> <span class='ocrx_word' id='word_1_65' title='bbox 1029 1931 1188 2006; x_wconf 88' lang='lat' dir='ltr'><strong>tenemus,</strong></span> <span class='ocrx_word' id='word_1_66' title='bbox 1211 1930 1362 1992; x_wconf 88' lang='lat' dir='ltr'><strong>tenemus</strong></span> 
     </span>
     <span class='ocr_line' id='line_1_11' title="bbox 307 2027 1361 2115; baseline -0.002 -21"><span class='ocrx_word' id='word_1_67' title='bbox 307 2029 346 2094; x_wconf 88' lang='lat' dir='ltr'><strong>de</strong></span> <span class='ocrx_word' id='word_1_68' title='bbox 369 2027 505 2094; x_wconf 92' lang='lat' dir='ltr'><strong>domino</strong></span> <span class='ocrx_word' id='word_1_69' title='bbox 534 2033 647 2094; x_wconf 89' lang='lat' dir='ltr'><strong>nostro</strong></span> <span class='ocrx_word' id='word_1_70' title='bbox 680 2050 756 2113; x_wconf 86' lang='lat' dir='ltr'><strong>rege</strong></span> <span class='ocrx_word' id='word_1_71' title='bbox 789 2027 955 2115; x_wconf 86' lang='lat' dir='ltr'><strong>praedicto.</strong></span> <span class='ocrx_word' id='word_1_72' title='bbox 1001 2027 1048 2092; x_wconf 83' lang='lat' dir='ltr'><strong>Et</strong></span> <span class='ocrx_word' id='word_1_73' title='bbox 1071 2028 1179 2092; x_wconf 88' lang='lat' dir='ltr'><strong>eidem</strong></span> <span class='ocrx_word' id='word_1_74' title='bbox 1202 2033 1361 2114; x_wconf 87' lang='lat' dir='ltr'><strong>tanquam</strong></span> 
     </span>
     <span class='ocr_line' id='line_1_12' title="bbox 307 2129 1362 2216; baseline -0.001 -21"><span class='ocrx_word' id='word_1_75' title='bbox 307 2131 441 2196; x_wconf 90' lang='lat' dir='ltr'><strong>domino</strong></span> <span class='ocrx_word' id='word_1_76' title='bbox 472 2131 594 2196; x_wconf 87' lang='lat' dir='ltr'><strong>servire</strong></span> <span class='ocrx_word' id='word_1_77' title='bbox 626 2135 660 2195; x_wconf 91' lang='lat' dir='ltr'><strong>et</strong></span> <span class='ocrx_word' id='word_1_78' title='bbox 694 2129 826 2195; x_wconf 89' lang='lat' dir='ltr'><strong>obedire</strong></span> <span class='ocrx_word' id='word_1_79' title='bbox 849 2129 1084 2216; x_wconf 77' lang='lat' dir='ltr'><strong>promittimus,</strong></span> <span class='ocrx_word' id='word_1_80' title='bbox 1107 2137 1142 2195; x_wconf 90' lang='lat' dir='ltr'><strong>et</strong></span> <span class='ocrx_word' id='word_1_81' title='bbox 1164 2132 1276 2195; x_wconf 90' lang='lat' dir='ltr'><strong>omnia</strong></span> <span class='ocrx_word' id='word_1_82' title='bbox 1296 2153 1362 2195; x_wconf 87' lang='lat' dir='ltr'><strong>ser-</strong></span> 
     </span>
     <span class='ocr_line' id='line_1_13' title="bbox 307 2230 1361 2318; baseline 0 -22"><span class='ocrx_word' id='word_1_83' title='bbox 307 2233 391 2296; x_wconf 91' lang='lat' dir='ltr'><strong>vitia</strong></span> <span class='ocrx_word' id='word_1_84' title='bbox 412 2254 472 2318; x_wconf 91' lang='lat' dir='ltr'><strong>pro</strong></span> <span class='ocrx_word' id='word_1_85' title='bbox 495 2231 592 2297; x_wconf 89' lang='lat' dir='ltr'><strong>dictis</strong></span> <span class='ocrx_word' id='word_1_86' title='bbox 623 2230 814 2318; x_wconf 89' lang='lat' dir='ltr'><strong>principatu</strong></span> <span class='ocrx_word' id='word_1_87' title='bbox 848 2237 882 2296; x_wconf 91' lang='lat' dir='ltr'><strong>et</strong></span> <span class='ocrx_word' id='word_1_88' title='bbox 916 2232 992 2296; x_wconf 88' lang='lat' dir='ltr'><strong>aliis</strong></span> <span class='ocrx_word' id='word_1_89' title='bbox 1026 2233 1179 2297; x_wconf 91' lang='lat' dir='ltr'><strong>omnibus</strong></span> <span class='ocrx_word' id='word_1_90' title='bbox 1213 2255 1287 2318; x_wconf 83' lang='lat' dir='ltr'><strong>quae</strong></span> <span class='ocrx_word' id='word_1_91' title='bbox 1320 2233 1361 2296; x_wconf 88' lang='lat' dir='ltr'><strong>de</strong></span> 
     </span>
     <span class='ocr_line' id='line_1_14' title="bbox 306 2333 1361 2420; baseline 0 -24"><span class='ocrx_word' id='word_1_92' title='bbox 306 2333 378 2420; x_wconf 90' lang='lat' dir='ltr'><strong>ipso</strong></span> <span class='ocrx_word' id='word_1_93' title='bbox 401 2339 551 2399; x_wconf 87' lang='lat' dir='ltr'><strong>tenemus</strong></span> <span class='ocrx_word' id='word_1_94' title='bbox 574 2333 637 2397; x_wconf 82' lang='lat' dir='ltr'><strong>sibi</strong></span> <span class='ocrx_word' id='word_1_95' title='bbox 668 2338 702 2397; x_wconf 90' lang='lat' dir='ltr'><strong>et</strong></span> <span class='ocrx_word' id='word_1_96' title='bbox 735 2333 911 2398; x_wconf 85' lang='lat' dir='ltr'><strong>heredibus</strong></span> <span class='ocrx_word' id='word_1_97' title='bbox 944 2334 1011 2398; x_wconf 91' lang='lat' dir='ltr'><strong>suis</strong></span> <span class='ocrx_word' id='word_1_98' title='bbox 1037 2334 1151 2413; x_wconf 81' lang='lat' dir='ltr'><strong>facere,</strong></span> <span class='ocrx_word' id='word_1_99' title='bbox 1175 2357 1248 2420; x_wconf 79' lang='lat' dir='ltr'><strong>qum</strong></span> <span class='ocrx_word' id='word_1_100' title='bbox 1270 2334 1361 2420; x_wconf 87' lang='lat' dir='ltr'><strong>priu-</strong></span> 
     </span>
     <span class='ocr_line' id='line_1_15' title="bbox 308 2434 1361 2521; baseline 0.001 -23"><span class='ocrx_word' id='word_1_101' title='bbox 308 2435 395 2520; x_wconf 87' lang='lat' dir='ltr'><strong>cipes</strong></span> <span class='ocrx_word' id='word_1_102' title='bbox 410 2434 540 2500; x_wconf 85' lang='lat' dir='ltr'><strong>Walliae</strong></span> <span class='ocrx_word' id='word_1_103' title='bbox 564 2435 812 2521; x_wconf 78' lang='lat' dir='ltr'><strong>praedecessores</strong></span> <span class='ocrx_word' id='word_1_104' title='bbox 835 2435 941 2500; x_wconf 89' lang='lat' dir='ltr'><strong>nostri</strong></span> <span class='ocrx_word' id='word_1_105' title='bbox 964 2435 1027 2499; x_wconf 89' lang='lat' dir='ltr'><strong>sibi</strong></span> <span class='ocrx_word' id='word_1_106' title='bbox 1048 2441 1083 2499; x_wconf 91' lang='lat' dir='ltr'><strong>et</strong></span> <span class='ocrx_word' id='word_1_107' title='bbox 1102 2436 1361 2501; x_wconf 76' lang='lat' dir='ltr'><strong>antecessoribus</strong></span> 
     </span>
     <span class='ocr_line' id='line_1_16' title="bbox 308 2535 1362 2624; baseline 0.001 -23"><span class='ocrx_word' id='word_1_108' title='bbox 308 2537 376 2602; x_wconf 88' lang='lat' dir='ltr'><strong>suis</strong></span> <span class='ocrx_word' id='word_1_109' title='bbox 410 2537 542 2624; x_wconf 85' lang='lat' dir='ltr'><strong>regibus</strong></span> <span class='ocrx_word' id='word_1_110' title='bbox 574 2535 705 2622; x_wconf 78' lang='lat' dir='ltr'><strong>Angliee</strong></span> <span class='ocrx_word' id='word_1_111' title='bbox 738 2537 842 2601; x_wconf 83' lang='lat' dir='ltr'><strong>facere</strong></span> <span class='ocrx_word' id='word_1_112' title='bbox 876 2544 1119 2603; x_wconf 79' lang='lat' dir='ltr'><strong>consueverunt</strong></span> <span class='ocrx_word' id='word_1_113' title='bbox 1150 2544 1210 2604; x_wconf 87' lang='lat' dir='ltr'><strong>aut</strong></span> <span class='ocrx_word' id='word_1_114' title='bbox 1241 2537 1362 2603; x_wconf 89' lang='lat' dir='ltr'><strong>debue-</strong></span> 
     </span>
     <span class='ocr_line' id='line_1_17' title="bbox 309 2646 396 2705; baseline 0.023 -2"><span class='ocrx_word' id='word_1_115' title='bbox 309 2646 396 2705; x_wconf 88' lang='lat' dir='ltr'><strong>runt.</strong></span> 
     </span>
    </p>

    <p class='ocr_par' dir='ltr' id='par_1_5' title="bbox 308 2742 1362 3847">
     <span class='ocr_line' id='line_1_18' title="bbox 353 2742 1362 2828; baseline 0 -22"><span class='ocrx_word' id='word_1_116' title='bbox 353 2743 376 2807; x_wconf 89' lang='lat' dir='ltr'><strong>J</strong></span> <span class='ocrx_word' id='word_1_117' title='bbox 378 2742 547 2806; x_wconf 88' lang='lat' dir='ltr'><strong>uravimus</strong></span> <span class='ocrx_word' id='word_1_118' title='bbox 584 2763 713 2826; x_wconf 90' lang='lat' dir='ltr'><strong>quoque</strong></span> <span class='ocrx_word' id='word_1_119' title='bbox 751 2762 811 2804; x_wconf 89' lang='lat' dir='ltr'><strong>nos</strong></span> <span class='ocrx_word' id='word_1_120' title='bbox 849 2744 884 2804; x_wconf 90' lang='lat' dir='ltr'><strong>et</strong></span> <span class='ocrx_word' id='word_1_121' title='bbox 922 2745 1095 2828; x_wconf 83' lang='lat' dir='ltr'><strong>magnates</strong></span> <span class='ocrx_word' id='word_1_122' title='bbox 1133 2742 1241 2807; x_wconf 88' lang='lat' dir='ltr'><strong>nostri</strong></span> <span class='ocrx_word' id='word_1_123' title='bbox 1278 2764 1362 2827; x_wconf 75' lang='lat' dir='ltr'><strong>pree-</strong></span> 
     </span>
     <span class='ocr_line' id='line_1_19' title="bbox 310 2841 1361 2930; baseline 0.002 -23"><span class='ocrx_word' id='word_1_124' title='bbox 310 2843 400 2925; x_wconf 88' lang='lat' dir='ltr'><strong>dicti,</strong></span> <span class='ocrx_word' id='word_1_125' title='bbox 432 2843 530 2911; x_wconf 85' lang='lat' dir='ltr'><strong>tactis</strong></span> <span class='ocrx_word' id='word_1_126' title='bbox 560 2843 773 2908; x_wconf 88' lang='lat' dir='ltr'><strong>sacrosanctis</strong></span> <span class='ocrx_word' id='word_1_127' title='bbox 808 2841 997 2928; x_wconf 79' lang='lat' dir='ltr'><strong>evangeliis,</strong></span> <span class='ocrx_word' id='word_1_128' title='bbox 1029 2843 1118 2930; x_wconf 89' lang='lat' dir='ltr'><strong>quod</strong></span> <span class='ocrx_word' id='word_1_129' title='bbox 1148 2843 1361 2930; x_wconf 84' lang='lat' dir='ltr'><strong>magnatibus</strong></span> 
     </span>
     <span class='ocr_line' id='line_1_20' title="bbox 309 2944 1360 3032; baseline 0.002 -23"><span class='ocrx_word' id='word_1_130' title='bbox 309 2946 402 3032; x_wconf 85' lang='lat' dir='ltr'><strong>regni</strong></span> <span class='ocrx_word' id='word_1_131' title='bbox 437 2946 568 3032; x_wconf 85' lang='lat' dir='ltr'><strong>Angliee</strong></span> <span class='ocrx_word' id='word_1_132' title='bbox 600 2944 842 3010; x_wconf 79' lang='lat' dir='ltr'><strong>ordinationem</strong></span> <span class='ocrx_word' id='word_1_133' title='bbox 876 2967 975 3032; x_wconf 89' lang='lat' dir='ltr'><strong>super</strong></span> <span class='ocrx_word' id='word_1_134' title='bbox 1006 2945 1201 3011; x_wconf 80' lang='lat' dir='ltr'><strong>liberatione</strong></span> <span class='ocrx_word' id='word_1_135' title='bbox 1233 2947 1360 3012; x_wconf 90' lang='lat' dir='ltr'><strong>domini</strong></span> 
     </span>
     <span class='ocr_line' id='line_1_21' title="bbox 312 3046 1361 3135; baseline 0.003 -25"><span class='ocrx_word' id='word_1_136' title='bbox 312 3046 478 3125; x_wconf 88' lang='lat' dir='ltr'><strong>Edwardi,</strong></span> <span class='ocrx_word' id='word_1_137' title='bbox 503 3046 559 3132; x_wconf 90' lang='lat' dir='ltr'><strong>qui</strong></span> <span class='ocrx_word' id='word_1_138' title='bbox 584 3046 708 3111; x_wconf 87' lang='lat' dir='ltr'><strong>desua</strong></span> <span class='ocrx_word' id='word_1_139' title='bbox 729 3046 905 3112; x_wconf 87' lang='lat' dir='ltr'><strong>voluntate</strong></span> <span class='ocrx_word' id='word_1_140' title='bbox 938 3069 998 3132; x_wconf 90' lang='lat' dir='ltr'><strong>pro</strong></span> <span class='ocrx_word' id='word_1_141' title='bbox 1029 3070 1109 3134; x_wconf 88' lang='lat' dir='ltr'><strong>pace</strong></span> <span class='ocrx_word' id='word_1_142' title='bbox 1139 3049 1232 3135; x_wconf 87' lang='lat' dir='ltr'><strong>regni</strong></span> <span class='ocrx_word' id='word_1_143' title='bbox 1267 3049 1361 3115; x_wconf 84' lang='lat' dir='ltr'><strong>obses</strong></span> 
     </span>
     <span class='ocr_line' id='line_1_22' title="bbox 310 3148 1361 3237; baseline 0.001 -23"><span class='ocrx_word' id='word_1_144' title='bbox 310 3150 409 3215; x_wconf 88' lang='lat' dir='ltr'><strong>datus</strong></span> <span class='ocrx_word' id='word_1_145' title='bbox 440 3148 548 3213; x_wconf 82' lang='lat' dir='ltr'><strong>brerat</strong></span> <span class='ocrx_word' id='word_1_146' title='bbox 582 3170 640 3235; x_wconf 90' lang='lat' dir='ltr'><strong>pro</strong></span> <span class='ocrx_word' id='word_1_147' title='bbox 671 3170 749 3237; x_wconf 88' lang='lat' dir='ltr'><strong>pace</strong></span> <span class='ocrx_word' id='word_1_148' title='bbox 783 3149 856 3234; x_wconf 86' lang='lat' dir='ltr'><strong>ipsa</strong></span> <span class='ocrx_word' id='word_1_149' title='bbox 889 3150 1111 3227; x_wconf 84' lang='lat' dir='ltr'><strong>assecuranda,</strong></span> <span class='ocrx_word' id='word_1_150' title='bbox 1145 3172 1251 3237; x_wconf 89' lang='lat' dir='ltr'><strong>nuper</strong></span> <span class='ocrx_word' id='word_1_151' title='bbox 1273 3150 1361 3215; x_wconf 89' lang='lat' dir='ltr'><strong>Lon-</strong></span> 
     </span>
     <span class='ocr_line' id='line_1_23' title="bbox 309 3250 1362 3339; baseline 0.002 -24"><span class='ocrx_word' id='word_1_152' title='bbox 309 3251 416 3317; x_wconf 74' lang='lat' dir='ltr'><strong>daniae</strong></span> <span class='ocrx_word' id='word_1_153' title='bbox 448 3250 621 3337; x_wconf 85' lang='lat' dir='ltr'><strong>provisam,</strong></span> <span class='ocrx_word' id='word_1_154' title='bbox 645 3256 680 3316; x_wconf 89' lang='lat' dir='ltr'><strong>ct</strong></span> <span class='ocrx_word' id='word_1_155' title='bbox 702 3251 829 3316; x_wconf 92' lang='lat' dir='ltr'><strong>domini</strong></span> <span class='ocrx_word' id='word_1_156' title='bbox 851 3250 939 3336; x_wconf 85' lang='lat' dir='ltr'><strong>regis</strong></span> <span class='ocrx_word' id='word_1_157' title='bbox 971 3273 1009 3315; x_wconf 88' lang='lat' dir='ltr'><strong>ac</strong></span> <span class='ocrx_word' id='word_1_158' title='bbox 1039 3251 1257 3337; x_wconf 89' lang='lat' dir='ltr'><strong>plurimorum</strong></span> <span class='ocrx_word' id='word_1_159' title='bbox 1277 3275 1362 3339; x_wconf 70' lang='lat' dir='ltr'><strong>pree·</strong></span> 
     </span>
     <span class='ocr_line' id='line_1_24' title="bbox 308 3350 1362 3439; baseline 0.002 -23"><span class='ocrx_word' id='word_1_160' title='bbox 308 3353 452 3418; x_wconf 90' lang='lat' dir='ltr'><strong>latorum</strong></span> <span class='ocrx_word' id='word_1_161' title='bbox 475 3351 568 3439; x_wconf 85' lang='lat' dir='ltr'><strong>regni</strong></span> <span class='ocrx_word' id='word_1_162' title='bbox 594 3350 712 3439; x_wconf 85' lang='lat' dir='ltr'><strong>sigillis</strong></span> <span class='ocrx_word' id='word_1_163' title='bbox 733 3352 983 3438; x_wconf 71' lang='lat' dir='ltr'><strong>,consignata-m,</strong></span> <span class='ocrx_word' id='word_1_164' title='bbox 1014 3374 1142 3418; x_wconf 88' lang='lat' dir='ltr'><strong>servare</strong></span> <span class='ocrx_word' id='word_1_165' title='bbox 1172 3353 1362 3420; x_wconf 87' lang='lat' dir='ltr'><strong>volentibus</strong></span> 
     </span>
     <span class='ocr_line' id='line_1_25' title="bbox 309 3453 1361 3540; baseline 0.001 -21"><span class='ocrx_word' id='word_1_166' title='bbox 309 3453 555 3531; x_wconf 82' lang='lat' dir='ltr'><strong>adhaerebimus‚</strong></span> <span class='ocrx_word' id='word_1_167' title='bbox 571 3457 607 3518; x_wconf 89' lang='lat' dir='ltr'><strong>et</strong></span> <span class='ocrx_word' id='word_1_168' title='bbox 629 3453 671 3517; x_wconf 86' lang='lat' dir='ltr'><strong>ad</strong></span> <span class='ocrx_word' id='word_1_169' title='bbox 694 3453 935 3521; x_wconf 75' lang='lat' dir='ltr'><strong>ordinationem</strong></span> <span class='ocrx_word' id='word_1_170' title='bbox 958 3454 1061 3540; x_wconf 86' lang='lat' dir='ltr'><strong>ipsam</strong></span> <span class='ocrx_word' id='word_1_171' title='bbox 1084 3456 1361 3525; x_wconf 85' lang='lat' dir='ltr'><strong>manutenendam</strong></span> 
     </span>
     <span class='ocr_line' id='line_1_26' title="bbox 309 3555 1362 3644; baseline 0.005 -25"><span class='ocrx_word' id='word_1_172' title='bbox 309 3562 480 3644; x_wconf 80' lang='lat' dir='ltr'><strong>magnates</strong></span> <span class='ocrx_word' id='word_1_173' title='bbox 521 3555 609 3642; x_wconf 90' lang='lat' dir='ltr'><strong>ipsos</strong></span> <span class='ocrx_word' id='word_1_174' title='bbox 647 3576 719 3620; x_wconf 89' lang='lat' dir='ltr'><strong>oum</strong></span> <span class='ocrx_word' id='word_1_175' title='bbox 758 3560 830 3621; x_wconf 89' lang='lat' dir='ltr'><strong>toto</strong></span> <span class='ocrx_word' id='word_1_176' title='bbox 875 3576 968 3641; x_wconf 88' lang='lat' dir='ltr'><strong>posse</strong></span> <span class='ocrx_word' id='word_1_177' title='bbox 1011 3561 1128 3621; x_wconf 90' lang='lat' dir='ltr'><strong>nostro</strong></span> <span class='ocrx_word' id='word_1_178' title='bbox 1169 3558 1362 3643; x_wconf 85' lang='lat' dir='ltr'><strong>juvabimus</strong></span> 
     </span>
     <span class='ocr_line' id='line_1_27' title="bbox 311 3656 1362 3749; baseline 0.005 -28"><span class='ocrx_word' id='word_1_179' title='bbox 311 3663 424 3723; x_wconf 88' lang='lat' dir='ltr'><strong>contra</strong></span> <span class='ocrx_word' id='word_1_180' title='bbox 447 3680 558 3723; x_wconf 90' lang='lat' dir='ltr'><strong>omnes</strong></span> <span class='ocrx_word' id='word_1_181' title='bbox 581 3656 654 3721; x_wconf 90' lang='lat' dir='ltr'><strong>illos</strong></span> <span class='ocrx_word' id='word_1_182' title='bbox 681 3656 738 3743; x_wconf 92' lang='lat' dir='ltr'><strong>qui</strong></span> <span class='ocrx_word' id='word_1_183' title='bbox 768 3657 1010 3723; x_wconf 88' lang='lat' dir='ltr'><strong>ordinationem</strong></span> <span class='ocrx_word' id='word_1_184' title='bbox 1044 3658 1149 3744; x_wconf 88' lang='lat' dir='ltr'><strong>ipsam</strong></span> <span class='ocrx_word' id='word_1_185' title='bbox 1183 3660 1362 3749; x_wconf 84' lang='lat' dir='ltr'><strong>infringere</strong></span> 
     </span>
     <span class='ocr_line' id='line_1_28' title="bbox 311 3759 1361 3847; baseline 0.002 -22"><span class='ocrx_word' id='word_1_186' title='bbox 311 3782 367 3825; x_wconf 87' lang='lat' dir='ltr'><strong>seu</strong></span> <span class='ocrx_word' id='word_1_187' title='bbox 382 3766 552 3847; x_wconf 85' lang='lat' dir='ltr'><strong>magnates</strong></span> <span class='ocrx_word' id='word_1_188' title='bbox 568 3759 656 3845; x_wconf 89' lang='lat' dir='ltr'><strong>ipsos</strong></span> <span class='ocrx_word' id='word_1_189' title='bbox 678 3780 816 3845; x_wconf 83' lang='lat' dir='ltr'><strong>gravare</strong></span> <span class='ocrx_word' id='word_1_190' title='bbox 838 3759 1080 3823; x_wconf 87' lang='lat' dir='ltr'><strong>attentaverint</strong></span> <span class='ocrx_word' id='word_1_191' title='bbox 1102 3782 1233 3847; x_wconf 90' lang='lat' dir='ltr'><strong>quoquo</strong></span> <span class='ocrx_word' id='word_1_192' title='bbox 1256 3764 1361 3829; x_wconf 89' lang='lat' dir='ltr'><strong>modo.</strong></span> 
     </span>
    </p>

    <p class='ocr_par' dir='ltr' id='par_1_6' title="bbox 310 3861 1363 4867">
     <span class='ocr_line' id='line_1_29' title="bbox 357 3861 1362 3947; baseline 0.001 -19"><span class='ocrx_word' id='word_1_193' title='bbox 357 3862 580 3929; x_wconf 84' lang='lat' dir='ltr'><strong>Concessimus</strong></span> <span class='ocrx_word' id='word_1_194' title='bbox 621 3862 721 3927; x_wconf 89' lang='lat' dir='ltr'><strong>etiam</strong></span> <span class='ocrx_word' id='word_1_195' title='bbox 775 3861 897 3927; x_wconf 90' lang='lat' dir='ltr'><strong>bonam</strong></span> <span class='ocrx_word' id='word_1_196' title='bbox 942 3861 1086 3947; x_wconf 86' lang='lat' dir='ltr'><strong>gratiam</strong></span> <span class='ocrx_word' id='word_1_197' title='bbox 1130 3869 1285 3940; x_wconf 90' lang='lat' dir='ltr'><strong>nostram,</strong></span> <span class='ocrx_word' id='word_1_198' title='bbox 1328 3870 1362 3929; x_wconf 89' lang='lat' dir='ltr'><strong>et</strong></span> 
     </span>
     <span class='ocr_line' id='line_1_30' title="bbox 311 3963 1361 4053; baseline 0.002 -25"><span class='ocrx_word' id='word_1_199' title='bbox 311 3965 404 4051; x_wconf 88' lang='lat' dir='ltr'><strong>plene</strong></span> <span class='ocrx_word' id='word_1_200' title='bbox 427 3987 465 4031; x_wconf 89' lang='lat' dir='ltr'><strong>ac</strong></span> <span class='ocrx_word' id='word_1_201' title='bbox 487 3986 566 4053; x_wconf 90' lang='lat' dir='ltr'><strong>pure</strong></span> <span class='ocrx_word' id='word_1_202' title='bbox 589 3963 790 4030; x_wconf 89' lang='lat' dir='ltr'><strong>remittimus</strong></span> <span class='ocrx_word' id='word_1_203' title='bbox 822 3985 951 4027; x_wconf 87' lang='lat' dir='ltr'><strong>omnem</strong></span> <span class='ocrx_word' id='word_1_204' title='bbox 982 3985 1152 4030; x_wconf 88' lang='lat' dir='ltr'><strong>rancorem</strong></span> <span class='ocrx_word' id='word_1_205' title='bbox 1175 3972 1210 4031; x_wconf 91' lang='lat' dir='ltr'><strong>et</strong></span> <span class='ocrx_word' id='word_1_206' title='bbox 1232 3988 1361 4031; x_wconf 88' lang='lat' dir='ltr'><strong>omnem</strong></span> 
     </span>
     <span class='ocr_line' id='line_1_31' title="bbox 312 4065 1363 4153; baseline 0.002 -22"><span class='ocrx_word' id='word_1_207' title='bbox 312 4067 467 4133; x_wconf 87' lang='lat' dir='ltr'><strong>offensam</strong></span> <span class='ocrx_word' id='word_1_208' title='bbox 513 4088 612 4153; x_wconf 88' lang='lat' dir='ltr'><strong>quarn</strong></span> <span class='ocrx_word' id='word_1_209' title='bbox 662 4086 722 4131; x_wconf 88' lang='lat' dir='ltr'><strong>uos</strong></span> <span class='ocrx_word' id='word_1_210' title='bbox 770 4065 823 4129; x_wconf 90' lang='lat' dir='ltr'><strong>vel</strong></span> <span class='ocrx_word' id='word_1_211' title='bbox 871 4066 977 4130; x_wconf 90' lang='lat' dir='ltr'><strong>nostri</strong></span> <span class='ocrx_word' id='word_1_212' title='bbox 1024 4066 1199 4132; x_wconf 89' lang='lat' dir='ltr'><strong>babuimus</strong></span> <span class='ocrx_word' id='word_1_213' title='bbox 1248 4073 1363 4133; x_wconf 89' lang='lat' dir='ltr'><strong>contra</strong></span> 
     </span>
     <span class='ocr_line' id='line_1_32' title="bbox 311 4165 1362 4253; baseline 0.003 -23"><span class='ocrx_word' id='word_1_214' title='bbox 311 4168 457 4233; x_wconf 90' lang='lat' dir='ltr'><strong>homines</strong></span> <span class='ocrx_word' id='word_1_215' title='bbox 480 4172 587 4233; x_wconf 87' lang='lat' dir='ltr'><strong>eastra</strong></span> <span class='ocrx_word' id='word_1_216' title='bbox 616 4165 670 4231; x_wconf 89' lang='lat' dir='ltr'><strong>vel</strong></span> <span class='ocrx_word' id='word_1_217' title='bbox 701 4165 799 4230; x_wconf 89' lang='lat' dir='ltr'><strong>villas</strong></span> <span class='ocrx_word' id='word_1_218' title='bbox 830 4188 887 4252; x_wconf 88' lang='lat' dir='ltr'><strong>per</strong></span> <span class='ocrx_word' id='word_1_219' title='bbox 921 4167 1092 4232; x_wconf 90' lang='lat' dir='ltr'><strong>dominum</strong></span> <span class='ocrx_word' id='word_1_220' title='bbox 1125 4190 1234 4253; x_wconf 87' lang='lat' dir='ltr'><strong>regern</strong></span> <span class='ocrx_word' id='word_1_221' title='bbox 1269 4168 1362 4234; x_wconf 87' lang='lat' dir='ltr'><strong>nobis</strong></span> 
     </span>
     <span class='ocr_line' id='line_1_33' title="bbox 311 4268 1361 4336; baseline 0 -1"><span class='ocrx_word' id='word_1_222' title='bbox 311 4292 477 4336; x_wconf 84' lang='lat' dir='ltr'><strong>concessas</strong></span> <span class='ocrx_word' id='word_1_223' title='bbox 514 4268 746 4334; x_wconf 86' lang='lat' dir='ltr'><strong>inhabitantes.</strong></span> <span class='ocrx_word' id='word_1_224' title='bbox 809 4268 855 4332; x_wconf 87' lang='lat' dir='ltr'><strong>Et</strong></span> <span class='ocrx_word' id='word_1_225' title='bbox 892 4269 1045 4333; x_wconf 86' lang='lat' dir='ltr'><strong>volumus</strong></span> <span class='ocrx_word' id='word_1_226' title='bbox 1076 4292 1114 4335; x_wconf 88' lang='lat' dir='ltr'><strong>ao</strong></span> <span class='ocrx_word' id='word_1_227' title='bbox 1155 4271 1361 4335; x_wconf 87' lang='lat' dir='ltr'><strong>concedimus</strong></span> 
     </span>
     <span class='ocr_line' id='line_1_34' title="bbox 311 4370 1362 4459; baseline -0.001 -22"><span class='ocrx_word' id='word_1_228' title='bbox 311 4395 369 4459; x_wconf 90' lang='lat' dir='ltr'><strong>pro</strong></span> <span class='ocrx_word' id='word_1_229' title='bbox 391 4372 486 4437; x_wconf 84' lang='lat' dir='ltr'><strong>nobis</strong></span> <span class='ocrx_word' id='word_1_230' title='bbox 508 4393 546 4436; x_wconf 88' lang='lat' dir='ltr'><strong>ac</strong></span> <span class='ocrx_word' id='word_1_231' title='bbox 576 4370 697 4435; x_wconf 87' lang='lat' dir='ltr'><strong>nostris</strong></span> <span class='ocrx_word' id='word_1_232' title='bbox 729 4370 817 4455; x_wconf 90' lang='lat' dir='ltr'><strong>quod</strong></span> <span class='ocrx_word' id='word_1_233' title='bbox 848 4370 913 4455; x_wconf 85' lang='lat' dir='ltr'><strong>ipsi</strong></span> <span class='ocrx_word' id='word_1_234' title='bbox 943 4370 977 4434; x_wconf 90' lang='lat' dir='ltr'><strong>in</strong></span> <span class='ocrx_word' id='word_1_235' title='bbox 1014 4371 1165 4436; x_wconf 89' lang='lat' dir='ltr'><strong>domibus</strong></span> <span class='ocrx_word' id='word_1_236' title='bbox 1197 4377 1232 4437; x_wconf 91' lang='lat' dir='ltr'><strong>ct</strong></span> <span class='ocrx_word' id='word_1_237' title='bbox 1266 4374 1362 4438; x_wconf 89' lang='lat' dir='ltr'><strong>terris</strong></span> 
     </span>
     <span class='ocr_line' id='line_1_35' title="bbox 310 4470 1362 4559; baseline 0 -20"><span class='ocrx_word' id='word_1_238' title='bbox 310 4476 377 4539; x_wconf 85' lang='lat' dir='ltr'><strong>suis</strong></span> <span class='ocrx_word' id='word_1_239' title='bbox 400 4496 473 4540; x_wconf 90' lang='lat' dir='ltr'><strong>cum</strong></span> <span class='ocrx_word' id='word_1_240' title='bbox 496 4471 591 4537; x_wconf 90' lang='lat' dir='ltr'><strong>bonis</strong></span> <span class='ocrx_word' id='word_1_241' title='bbox 625 4470 692 4536; x_wconf 89' lang='lat' dir='ltr'><strong>suis</strong></span> <span class='ocrx_word' id='word_1_242' title='bbox 723 4471 876 4536; x_wconf 90' lang='lat' dir='ltr'><strong>omnibus</strong></span> <span class='ocrx_word' id='word_1_243' title='bbox 909 4471 972 4535; x_wconf 85' lang='lat' dir='ltr'><strong>sub</strong></span> <span class='ocrx_word' id='word_1_244' title='bbox 1005 4472 1101 4537; x_wconf 85' lang='lat' dir='ltr'><strong>nobis</strong></span> <span class='ocrx_word' id='word_1_245' title='bbox 1123 4474 1254 4559; x_wconf 86' lang='lat' dir='ltr'><strong>pacifice</strong></span> <span class='ocrx_word' id='word_1_246' title='bbox 1277 4496 1362 4539; x_wconf 89' lang='lat' dir='ltr'><strong>eom-</strong></span> 
     </span>
     <span class='ocr_line' id='line_1_36' title="bbox 310 4573 1362 4661; baseline 0.003 -22"><span class='ocrx_word' id='word_1_247' title='bbox 310 4576 430 4641; x_wconf 88' lang='lat' dir='ltr'><strong>morari</strong></span> <span class='ocrx_word' id='word_1_248' title='bbox 453 4575 579 4661; x_wconf 87' lang='lat' dir='ltr'><strong>possint</strong></span> <span class='ocrx_word' id='word_1_249' title='bbox 602 4580 636 4639; x_wconf 87' lang='lat' dir='ltr'><strong>et</strong></span> <span class='ocrx_word' id='word_1_250' title='bbox 659 4573 779 4659; x_wconf 87' lang='lat' dir='ltr'><strong>quiete,</strong></span> <span class='ocrx_word' id='word_1_251' title='bbox 800 4573 951 4639; x_wconf 85' lang='lat' dir='ltr'><strong>faciendo</strong></span> <span class='ocrx_word' id='word_1_252' title='bbox 974 4574 1070 4639; x_wconf 92' lang='lat' dir='ltr'><strong>nobis</strong></span> <span class='ocrx_word' id='word_1_253' title='bbox 1090 4574 1204 4641; x_wconf 90' lang='lat' dir='ltr'><strong>debita</strong></span> <span class='ocrx_word' id='word_1_254' title='bbox 1225 4577 1362 4642; x_wconf 83' lang='lat' dir='ltr'><strong>servitia</strong></span> 
     </span>
     <span class='ocr_line' id='line_1_37' title="bbox 310 4675 1363 4765; baseline 0.001 -22"><span class='ocrx_word' id='word_1_255' title='bbox 310 4700 384 4765; x_wconf 78' lang='lat' dir='ltr'><strong>qum</strong></span> <span class='ocrx_word' id='word_1_256' title='bbox 407 4676 549 4742; x_wconf 88' lang='lat' dir='ltr'><strong>dominis</strong></span> <span class='ocrx_word' id='word_1_257' title='bbox 572 4676 638 4741; x_wconf 89' lang='lat' dir='ltr'><strong>suis</strong></span> <span class='ocrx_word' id='word_1_258' title='bbox 669 4675 774 4742; x_wconf 76' lang='lat' dir='ltr'><strong>tacere</strong></span> <span class='ocrx_word' id='word_1_259' title='bbox 808 4680 1059 4756; x_wconf 88' lang='lat' dir='ltr'><strong>consueverunt,</strong></span> <span class='ocrx_word' id='word_1_260' title='bbox 1088 4682 1155 4756; x_wconf 87' lang='lat' dir='ltr'><strong>aut,</strong></span> <span class='ocrx_word' id='word_1_261' title='bbox 1179 4679 1207 4742; x_wconf 90' lang='lat' dir='ltr'><strong>si</strong></span> <span class='ocrx_word' id='word_1_262' title='bbox 1241 4680 1363 4745; x_wconf 89' lang='lat' dir='ltr'><strong>malue-</strong></span> 
     </span>
     <span class='ocr_line' id='line_1_38' title="bbox 310 4778 1361 4867; baseline 0 -22"><span class='ocrx_word' id='word_1_263' title='bbox 310 4782 387 4858; x_wconf 86' lang='lat' dir='ltr'><strong>rint,</strong></span> <span class='ocrx_word' id='word_1_264' title='bbox 410 4802 483 4845; x_wconf 91' lang='lat' dir='ltr'><strong>cum</strong></span> <span class='ocrx_word' id='word_1_265' title='bbox 514 4778 611 4842; x_wconf 89' lang='lat' dir='ltr'><strong>bonis</strong></span> <span class='ocrx_word' id='word_1_266' title='bbox 643 4778 710 4841; x_wconf 76' lang='lat' dir='ltr'><strong>siris</strong></span> <span class='ocrx_word' id='word_1_267' title='bbox 741 4778 893 4842; x_wconf 87' lang='lat' dir='ltr'><strong>omuibus</strong></span> <span class='ocrx_word' id='word_1_268' title='bbox 916 4778 1018 4842; x_wconf 89' lang='lat' dir='ltr'><strong>libere</strong></span> <span class='ocrx_word' id='word_1_269' title='bbox 1040 4778 1196 4854; x_wconf 89' lang='lat' dir='ltr'><strong>recedere,</strong></span> <span class='ocrx_word' id='word_1_270' title='bbox 1230 4787 1264 4846; x_wconf 88' lang='lat' dir='ltr'><strong>ct</strong></span> <span class='ocrx_word' id='word_1_271' title='bbox 1294 4804 1361 4867; x_wconf 89' lang='lat' dir='ltr'><strong>quo</strong></span> 
     </span>
    </p>
   </div>
   <div class='ocr_carea' id='block_1_3' title="bbox 0 0 1818 5800">
    <p class='ocr_par' dir='ltr' id='par_1_7' title="bbox 0 0 1818 5800">
     <span class='ocr_line' id='line_1_39' title="bbox 0 0 1818 5800; baseline 0 0"><span class='ocrx_word' id='word_1_272' title='bbox 0 0 1818 5800; x_wconf 95' lang='lat' dir='ltr'><strong> </strong></span> 
     </span>
    </p>
   </div>
  </div>
 </body>
</html>
