3609 5800
460 876 523 937 214
615 886 729 937 uorsa
751 886 824 935 arn
846 888 963 935 druna
985 886 1192 935 maronicum
1215 888 1364 937 narrans

888 1200 1097 1267 DLXXVII.

517 1353 649 1424 Hirri
672 1354 737 1423 ΙΙΙ
760 1371 803 1423 ro
826 1355 1034 1423 Hunrnnnr
1055 1374 1103 1422 nn
1125 1356 1263 1435 Bonus,
1288 1354 1386 1422 itinn
1408 1373 1452 1423 or

886 1459 1089 1525 Hannronn.

663 1596 735 1659 (soa
746 1595 832 1648 claua
842 1602 875 1647 48
886 1597 953 1647 Heu.
966 1597 1023 1659 ῙΠ.,
1036 1598 1128 1647 memb.
1140 1603 1156 1647 3
1168 1597 1196 1648 in
1207 1598 1303 1660 dorso.)

324 1738 365 1771 u.
411 1758 418 1781 ‚
497 1714 584 1778 Rex
606 1712 726 1778 dilecto
756 1718 790 1778 et
811 1714 901 1780 fideli
917 1737 975 1781 suo
993 1714 1172 1781 Humsrido
1195 1715 1236 1781 de
1252 1714 1381 1793 Bohun,
1398 1714 1509 1781 comiti

364 1826 370 1840 '
465 1814 679 1895 Herefordiae,
703 1816 853 1881 salutem.

346 1950 361 1984 a
509 1917 595 1983 Oum
619 1916 834 2005 L[ewelinus]
857 1916 944 1983 filius
968 1918 1100 1985 Griffini
1132 1940 1238 2007 nuper
1258 1941 1319 1985 nos
1341 1920 1508 2007 rogaverit

296 2017 360 2118 ΜΘΗ
378 2018 416 2117 οἵ
465 2020 553 2106 quod
574 2020 828 2107 interceptiones
858 2020 963 2087 factas
990 2023 1027 2085 in
1055 2024 1152 2088 terris
1176 2020 1307 2088 Griffini
1329 2021 1371 2087 de
1394 2021 1510 2086 Brum-

411 2172 419 2195 ,
464 2123 544 2190 feud
586 2128 621 2188 et
666 2122 747 2187 alibi
790 2145 849 2210 per
894 2124 1059 2210 Roge'rum
1099 2126 1140 2191 de
1177 2125 1310 2189 Mortuo
1349 2124 1435 2189 Mari
1479 2130 1514 2189 et

296 2302 305 2315 ,
367 2283 391 2316 ss
464 2227 652 2293 Johannem
674 2226 887 2303 Extremum,
912 2248 1041 2293 necnon
1070 2234 1104 2293 et
1127 2228 1208 2293 alios
1238 2233 1354 2293 contra
1375 2227 1512 2292 formam

342 2350 364 2383 w
416 2350 442 2385 1¹·
463 2335 654 2417 treugarum
688 2328 778 2394 inter
808 2350 869 2394 nos
896 2334 932 2394 et
965 2329 1107 2396 eundem
1129 2330 1331 2396 Lewelinum
1353 2329 1510 2394 initurum

462 2432 639 2497 faceremus
662 2430 838 2507 emendari,
871 2452 910 2497 au
945 2433 1051 2499 eidem
1086 2432 1284 2519 L[ewelino]
1308 2432 1513 2497 mandaveri-

463 2558 536 2600 mus
573 2534 661 2621 quod
698 2534 876 2599 dictatores
914 2539 1106 2623 treugarum
1143 2536 1275 2601 illarum
1314 2556 1375 2622 pro
1419 2538 1514 2621 parte

463 2642 577 2704 nostra
614 2636 790 2724 deputatos
822 2636 994 2702 mittemus
1028 2659 1132 2725 usque
1164 2637 1294 2703 Vadum
1329 2638 1369 2703 de
1401 2638 1514 2702 Munt-

463 2763 608 2829 gomery,
642 2740 693 2804 ita
724 2740 811 2824 quod
846 2740 915 2805 sint
953 2740 1000 2805 ibi
1038 2741 1075 2805 in
1102 2739 1246 2807 erastino
1278 2739 1314 2805 B.
1345 2739 1515 2805 Michaelis

463 2842 614 2932 proximo
659 2845 809 2921 venturo,
859 2863 919 2932 pro
965 2842 1192 2910 emendatione
1239 2842 1513 2931 interceptionum

462 2947 695 3035 praedieumm
717 2944 864 3010 facienda
886 2949 921 3011 et
954 2946 1148 3033 recipienda,
1171 2945 1200 3012 si
1231 2967 1306 3033 quse
1327 2945 1423 3012 factae
1446 2945 1515 3011 sint

462 3051 500 3114 in
522 3047 672 3134 partibus
695 3047 762 3112 illis
784 3051 899 3114 contra
920 3047 1060 3114 formam
1091 3049 1278 3126 eamndem,
1302 3053 1337 3116 et
1361 3048 1515 3114 similiter

464 3151 570 3216 eidem
586 3148 752 3216 Lewelino
774 3149 1069 3235 significaverimus
1084 3151 1172 3238 quod
1186 3150 1390 3220 venerabiles
1404 3155 1515 3238 patres

465 3253 661 3340 R[ogerum]
679 3251 938 3319 coventrensem
952 3259 987 3322 et
997 3253 1256 3322 Liehfeldensem
1270 3259 1305 3319 et
1314 3253 1514 3340 S[imonem]

464 3356 710 3422 Norwioensem
733 3354 909 3443 episcopos,
925 3362 963 3422 et
982 3357 1138 3424 dilectum
1154 3361 1189 3422 et
1210 3355 1342 3423 fidelem
1363 3359 1514 3422 nostrum

464 3457 627 3524 Jacobum
649 3458 690 3525 de
713 3456 916 3544 Alditheley,
941 3459 1063 3544 quibus
1097 3481 1193 3546 super
1225 3461 1286 3524 hoc
1317 3457 1513 3544 scripsimus,

465 3581 592 3626 necnon
623 3565 658 3626 et
680 3581 746 3635 vos,
770 3559 840 3624 looo
874 3561 990 3640 nostri,
1012 3562 1055 3627 ad
1087 3561 1192 3628 dictos
1220 3560 1307 3626 diem
1342 3565 1377 3626 et
1407 3560 1514 3626 locum

464 3664 644 3740 mittemus,
679 3663 723 3727 ad
746 3662 920 3748 praedictas
954 3663 1215 3750 interceptiones,
1247 3663 1275 3728 si
1307 3683 1381 3748 quse
1417 3661 1513 3728 factas

465 3768 542 3843 sint,
564 3768 662 3851 prout
678 3765 808 3851 justum
830 3765 932 3831 fuerit
962 3766 1091 3854 plenius
1113 3765 1343 3843 emendandas,
1364 3763 1514 3832 nolentes

465 3869 611 3955 aliquam
654 3887 787 3931 eausam
831 3868 1084 3956 interruptionis
1136 3873 1327 3957 treugarum
1372 3866 1512 3942 illarum,

465 3971 609 4036 maxime
631 3969 711 4035 dum
742 3972 839 4032 extra
872 3991 1012 4056 regnum
1045 3976 1199 4038 nostrum
1221 3967 1392 4058 egerimus,
1422 3989 1514 4056 posse

465 4073 561 4138 nobis
597 4070 778 4157 imputari3
801 4077 935 4157 propter
972 4073 1060 4157 quod
1098 4073 1185 4138 diem
1222 4071 1417 4160 praedictum
1454 4093 1514 4157 pro

466 4180 560 4262 parte
581 4177 696 4238 nostra
717 4171 825 4237 modis
857 4174 1010 4239 omnibus
1033 4175 1187 4242 volumus
1209 4173 1398 4254 observari;
1420 4172 1514 4238 vobis

467 4277 669 4352 mandamus,
691 4278 844 4361 rogantes
866 4276 902 4338 in
924 4277 989 4341 fide
1012 4282 1047 4341 et
1069 4277 1243 4342 dilectione
1273 4274 1390 4361 quibus
1419 4275 1514 4340 nobis

466 4378 634 4456 tenemini,
677 4382 840 4463 quatenus
878 4379 966 4444 dicto
1005 4379 1058 4444 die
1096 4380 1139 4445 ad
1176 4379 1282 4444 locum
1319 4377 1513 4464 praedictum
1625 4375 1630 4388 '

467 4481 636 4547 accedatis.
682 4479 779 4543 Etsi
812 4481 1007 4566 pradictum
1030 4481 1271 4569 L[ewelinum],
1293 4479 1348 4546 vel
1370 4479 1511 4565 aliquem

467 4584 569 4648 alium
601 4581 658 4669 qni
681 4602 779 4668 super
812 4581 873 4648 hoc
903 4588 1103 4670 potestatem
1135 4583 1296 4663 habuerit,
1320 4581 1514 4648 inveneritis

467 4686 600 4763 ibidem,
631 4684 785 4751 emendas
822 4692 920 4772 prout
952 4688 1082 4773 justum
1112 4687 1212 4753 fuerit
1246 4686 1333 4752 dicto
1371 4683 1424 4748 die
1461 4685 1513 4750 vel

468 4789 533 4853 alio
578 4809 675 4873 quem
721 4788 764 4851 ad
802 4789 863 4854 hoe
900 4790 1112 4874 provideritis
1150 4789 1277 4877 plenius
1314 4786 1440 4854 facistis
1478 4793 1513 4852 et
