3609 5800
474 873 541 943 392
880 890 1061 942 urrunnu
1085 895 1122 944 11.

474 1060 592 1116 suntin
611 1065 725 1132 treuga,
742 1061 869 1135 justitie
888 1063 999 1120 faciant
1016 1065 1273 1136 complementum.
1311 1069 1348 1124 ln
1359 1069 1455 1140 cujus,
1468 1074 1526 1124 etc.

474 1143 561 1284 {Jiesgic
585 1149 619 1202 ut
644 1163 734 1299 {Epra
752 1144 836 1218 [rege
860 1147 940 1219 opud
956 1147 1170 1217 windesoram,
1195 1151 1254 1208 xri.
1275 1151 1324 1210 die
1342 1153 1435 1209 Junii.
1466 1151 1526 1208 Per

498 1267 504 1281 .
558 1245 647 1286 aunse
690 1271 696 1284 .

940 1359 999 1419 No.
1014 1361 1064 1419 26.

691 1483 762 1546 (Rot
775 1483 830 1535 Pat.
843 1489 874 1534 36
886 1483 953 1536 Heu.
967 1485 1026 1548 ΙΠ.,
1036 1486 1127 1536 memb.
1142 1485 1197 1536 tiu
1209 1487 1306 1551 dorso.)

304 1609 408 1662 sunere,
508 1594 583 1652 Oum
602 1596 763 1652 Petrouilla
775 1615 849 1654 uxor
861 1597 944 1653 Petri
962 1598 999 1652 de
1017 1597 1117 1653 Boker
1134 1599 1323 1655 manulevata
1334 1599 1374 1655 sit
1391 1598 1429 1655 ad
1440 1601 1523 1671 quiu-

303 1664 430 1774 ffinffla
472 1685 575 1751 gentas
587 1696 710 1746 marcas,
725 1685 755 1736 et
771 1680 962 1737 nihilominus
974 1681 1123 1738 detinetur
1140 1683 1173 1738 in
1190 1689 1287 1740 castro
1304 1683 1341 1738 de
1359 1683 1467 1750 liciter,
1481 1685 1525 1740 ita

302 1778 418 1824 danesse
473 1762 551 1834 quod
569 1763 607 1818 ad
626 1764 724 1820 virum
742 1783 829 1820 suum
851 1765 956 1837 nequit
983 1767 1132 1832 accedere,
1159 1766 1328 1823 mandatum
1353 1773 1399 1823 est
1423 1769 1524 1824 comiti

303 1831 453 1926 fflffiw
472 1847 641 1903 Leicestrim
668 1847 746 1918 quod
771 1865 836 1902 eam
862 1849 1017 1919 permittat
1033 1850 1072 1904 ad
1094 1850 1194 1906 virum
1218 1869 1306 1906 sunm
1323 1851 1472 1918 accedere,
1492 1859 1523 1908 et

473 1931 552 1985 exire
571 1949 588 1985 a
606 1937 710 1988 castro.
760 1933 848 1988 Teste
867 1938 1009 2006 utsupra
1028 1934 1113 2006 [rege
1132 1934 1210 2005 apud
1227 1935 1441 2002 windesoram,
1460 1936 1519 1991 xri.

472 2014 520 2069 dio
539 2014 632 2070 Junii.
670 2015 728 2072 Per
748 2016 776 2073 J.
797 2016 971 2089 Mummii]

937 2188 997 2247 No.
1013 2187 1062 2251 27.

745 2313 815 2376 (Rot
828 2313 884 2366 Pat.
896 2319 925 2364 41
941 2313 1180 2373 Hen.11L,mcmh.
1196 2315 1248 2378 12.)

303 2435 459 2489 retectam.
507 2425 570 2480 Rex
589 2427 733 2492 omnibus,
754 2433 811 2482 eto.

303 2525 441 2572 Permissum
509 2509 615 2565 Sciatis
634 2511 712 2581 quod
724 2511 860 2566 volumus
879 2516 911 2566 et
928 2510 1125 2575 concedimus
1140 2528 1193 2582 pro
1210 2510 1295 2567 nobis
1313 2517 1344 2566 et
1361 2511 1520 2566 heredibus

301 2577 450 2672 ffloffitssgmo
471 2594 589 2660 nostris,
611 2595 689 2666 quod
713 2595 839 2651 dilectus
853 2600 883 2651 ct
901 2595 998 2652 fidelis
1016 2599 1117 2650 noster
1135 2593 1239 2650 Simon
1261 2594 1299 2650 de
1315 2594 1417 2649 Monte
1437 2594 1521 2650 Furti

301 2677 451 2724 muheuwssl.
470 2694 567 2733 comes
598 2678 775 2748 Leycestriae
806 2679 931 2734 condere
960 2679 1056 2749 possit
1084 2684 1115 2733 ct
1144 2677 1280 2733 ordinare
1309 2684 1518 2733 testamentum

470 2777 566 2826 suum,
586 2761 622 2816 de
641 2762 776 2817 omnibus
793 2762 878 2817 bonis
897 2768 928 2818 et
950 2761 1065 2817 catallis
1084 2761 1147 2817 suis
1166 2779 1232 2832 qnae
1250 2761 1281 2815 iu
1298 2761 1437 2832 proesenti
1454 2779 1520 2832 pos·

470 2845 555 2911 sidet,
582 2850 613 2901 et
639 2845 670 2901 in
696 2849 846 2917 posterum
871 2844 1015 2911 habebit,l
1043 2850 1073 2901 et
1099 2844 1178 2916 quod
1202 2850 1413 2901 testamentum
1442 2843 1519 2901 illud

469 2934 613 3000 praetextu
639 2930 765 3001 alicujus
793 2930 885 2985 debiti
910 2930 942 2983 in
969 2946 1027 3000 quo
1052 2928 1137 2983 nobis
1155 2928 1204 2984 vel
1229 2928 1386 2984 heredibus
1410 2930 1519 2985 nostris

469 3018 594 3077 tenetur,
613 3013 663 3069 vel
679 3013 829 3069 tenebitur
846 3018 979 3084 tempore
998 3013 1095 3068 obitus
1114 3010 1171 3077 sui,
1190 3030 1249 3067 non
1266 3012 1442 3084 impediatur
1464 3031 1518 3084 per

468 3114 520 3151 nos
544 3096 593 3150 vel
616 3094 739 3151 heredes
757 3102 882 3161 nostros,
909 3096 981 3167 quin
1007 3094 1106 3150 debito
1130 3093 1325 3150 demandetur
1342 3096 1515 3161 executioni,

466 3184 555 3252 prout
572 3179 651 3233 idem
668 3196 765 3235 comes
790 3179 971 3235 ordinaverit
988 3179 1020 3234 in
1043 3184 1219 3235 testamento
1238 3197 1291 3235 suo
1309 3185 1341 3235 et
1362 3185 1518 3235 testamen·

465 3263 549 3319 tariis
569 3262 630 3318 suis
651 3262 749 3318 visum
767 3263 857 3319 suerit
875 3263 1029 3335 expedire3
1050 3262 1102 3318 sed
1122 3263 1200 3334 quod
1217 3267 1426 3319 testamentum
1443 3262 1518 3319 illud

464 3348 556 3403 libcre
585 3352 764 3420 exequentur
782 3348 844 3403 sine
863 3346 1073 3419 impedimento
1091 3347 1184 3402 nostri
1202 3346 1391 3402 etheredum
1405 3353 1517 3402 nostro·

463 3449 539 3487 rum,
577 3430 617 3487 Et
635 3431 661 3487 si
679 3432 820 3502 praefatus
839 3449 938 3487 comes
955 3436 1088 3503 tempore
1106 3431 1204 3486 obitus
1223 3431 1270 3486 sui
1288 3430 1372 3485 nobis
1384 3435 1517 3485 teneatur

463 3514 495 3569 in
512 3513 659 3585 aliquibus
687 3514 805 3581 debitis,
826 3532 878 3569 uos
907 3519 937 3570 et
961 3514 1085 3569 heredes
1103 3513 1198 3569 nostri
1218 3531 1276 3568 non
1294 3514 1445 3584 capiemus
1462 3531 1515 3570 noa

462 3597 501 3652 ad
517 3596 594 3651 buna
613 3602 642 3651 et
668 3598 774 3653 catella
800 3615 861 3663 sua,
882 3596 935 3652 sed
959 3597 997 3652 ed
1021 3596 1146 3653 heredes
1174 3614 1253 3663 suos,
1274 3614 1348 3668 quos
1376 3596 1413 3652 ad
1438 3596 1516 3652 solu·

462 3681 572 3736 tionem
591 3680 756 3736 debitorum
775 3681 894 3737 illorum
911 3680 1048 3736 volumus
1067 3682 1171 3735 teneri.
1208 3680 1358 3736 Praetcrea
1376 3680 1515 3736 volumus

463 3770 493 3820 ct
511 3762 708 3830 concedimus,
728 3782 782 3836 pro
800 3764 885 3820 nobis
904 3770 935 3819 et
951 3764 1111 3819 heredibus
1130 3764 1250 3829 normis,
1271 3763 1351 3834 quod
1368 3764 1515 3818 ordinatio

462 3854 493 3903 ct
520 3847 672 3920 dispositio
698 3866 787 3920 quam
814 3848 893 3903 idem
919 3864 1017 3903 comes
1044 3848 1132 3903 saciet
1158 3848 1190 3902 in
1206 3852 1381 3902 testamento
1405 3864 1459 3902 suo
1477 3847 1515 3901 de

462 3930 570 3987 wardia
589 3950 662 4004 quas
680 3931 713 3986 in
730 3930 870 4003 pressanti
888 3931 987 3996 habet,
1009 3940 1039 3985 et
1050 3930 1170 3985 habebit
1189 3936 1321 4001 tempore
1340 3930 1438 3986 obitus
1456 3931 1512 3996 sui,

463 4021 494 4071 et
520 4016 611 4071 etiam
638 4016 675 4071 de
701 4015 892 4087 proventibus
919 4020 1068 4069 terrarum
1087 4030 1208 4069 suarum
1225 4013 1429 4085 percipiendas
1446 4020 1513 4085 post

463 4099 574 4154 obitum
599 4117 695 4163 suum,
716 4100 794 4155 sicut
818 4100 850 4153 in
874 4097 972 4153 literis
990 4096 1099 4153 nostris
1117 4098 1285 4169 patentibus
1304 4098 1333 4151 ei
1351 4115 1440 4169 super
1457 4099 1512 4153 hoc

464 4183 605 4239 confectis
623 4184 739 4255 plenius
757 4182 933 4247 continetur,
954 4186 1019 4236 rata
1043 4180 1084 4236 sit
1110 4187 1141 4236 et
1167 4180 1292 4245 stabilis,
1317 4198 1375 4235 nou
1399 4180 1513 4237 obstan-
1585 4181 1591 4191 '

463 4265 543 4321 tibus
562 4267 660 4337 aliquo
678 4266 825 4331 mandato,
845 4270 1002 4337 precepto,
1022 4264 1069 4319 vel
1088 4263 1279 4329 ordinatione,
1294 4264 1511 4320 consuetudini-

463 4349 518 4405 bus
538 4368 590 4405 seu
607 4350 725 4421 legibus
743 4350 829 4420 regni
847 4348 950 4412 nostri,
965 4365 1018 4420 per
1037 4364 1252 4419 quemcumque
1264 4353 1296 4403 et
1312 4365 1512 4419 quoscumque

464 4434 590 4497 statutis,
610 4450 664 4503 per
692 4450 757 4503 qum
784 4430 955 4504 hujusmodi
981 4430 1127 4487 ordinatio
1154 4436 1183 4485 et
1208 4429 1364 4502 dispositio
1384 4449 1512 4503 quoquo·

461 4516 547 4570 modo
565 4514 701 4587 impediri
718 4515 813 4586 possit
831 4515 879 4570 vel
898 4514 1049 4569 infirmari.
1083 4513 1119 4569 In
1137 4512 1231 4585 cnjus,
1252 4520 1308 4570 etc.
1340 4514 1438 4581 Teste,
1453 4523 1509 4571 etc.

464 4598 559 4670 [Rege
577 4599 656 4670 opud
673 4598 895 4669 Wyndesoram‚
915 4599 1057 4653 vicesimo
1075 4598 1123 4654 dic
1141 4595 1320 4669 Februarii]

684 4798 690 4828 ¹
709 4796 785 4847 Astur
795 4796 846 4847 this
859 4800 916 4849 MS.
927 4796 974 4847 hus
983 4796 1116 4864 possidebit
1125 4798 1282 4850 underlined.
