3609 5800
412 887 661 941 muusrnlrrvn
684 890 728 939 or
749 889 819 938 run
842 888 953 938 uersu
975 887 1020 938 or
1042 889 1167 940 unsar
1188 888 1241 938 nr.
1290 874 1357 938 338

305 1075 539 1165 Burdegaliam
561 1077 622 1144 bac
652 1077 705 1142 dic
741 1075 777 1142 M
811 1126 1012 1142 .......
1035 1073 1257 1142 antefactum
1281 1075 1361 1140 Om-

305 1179 398 1244 nium
431 1179 627 1248 Sanctorum
663 1179 816 1245 dominus
838 1177 1010 1244 Jobannss
1043 1177 1085 1245 de
1106 1177 1232 1244 Villeta
1253 1197 1360 1242 senes-

305 1281 407 1348 callus
437 1283 628 1371 Ageneusis,
652 1303 726 1350 cum
756 1281 862 1346 literis
884 1279 1031 1366 ejusdem
1061 1280 1187 1346 domini
1209 1280 1304 1367 regis,
1326 1283 1362 1344 et

304 1405 416 1450 aarum
430 1385 558 1452 virtute
573 1390 609 1451 et
622 1384 821 1452 auctoritate
835 1383 923 1469 cepit
944 1381 988 1448 ad
1010 1405 1146 1448 manum
1167 1383 1294 1449 domini
1309 1382 1362 1448 sui

304 1493 338 1552 et
360 1487 489 1554 saisivit
510 1493 691 1554 costumem
715 1493 860 1552 vestram
883 1491 919 1552 et
938 1485 1116 1573 pedagium
1133 1485 1362 1572 Burdegaliae3

304 1588 354 1654 itu
376 1589 465 1676 quod
486 1611 546 1677 pro
568 1589 681 1676 alique
702 1588 896 1656 necessitate
925 1591 1039 1653 vestra
1060 1593 1121 1654 aut
1142 1593 1231 1654 terra
1252 1587 1363 1652 defen·

306 1691 415 1756 denda
437 1696 497 1757 aut
519 1692 625 1758 causis
649 1697 682 1758 et
705 1689 847 1778 negotiis
869 1689 991 1756 vestris
1015 1689 1137 1768 ardum,
1153 1711 1229 1777 quse
1251 1710 1362 1754 occur·

306 1797 385 1858 runt
408 1799 442 1859 et
464 1793 505 1860 de
527 1793 686 1880 praedicta
708 1793 800 1860 curis
822 1790 1027 1858 descendunt
1048 1796 1109 1858 eut
1130 1790 1205 1857 aliis
1227 1791 1363 1878 quibus·

306 1916 454 1982 cumque,
477 1917 564 1960 unus
587 1895 741 1962 denarius
763 1895 877 1960 haberi
909 1916 976 1960 non
1009 1900 1141 1982 posset;
1171 1915 1232 1960 nec
1253 1899 1364 1959 vester

307 1997 568 2064 constabularius
601 1997 702 2064 habet
731 1989 860 2064 'ibidem
883 1997 1029 2084 aliquam
1065 2001 1273 2086 potestatem,
1296 1996 1362 2063 nisi

306 2099 412 2165 solum
444 2101 628 2190 prospicere
651 2105 685 2166 et
706 2101 788 2167 scire
811 2107 975 2188 quantum
996 2100 1154 2188 recipitur
1176 2122 1218 2166 ex
1240 2099 1363 2166 eadem.

309 2201 353 2266 Et
369 2209 480 2268 tumen
494 2201 559 2268 sibi
574 2207 744 2268 ostensum
758 2202 825 2268 fuit
839 2202 925 2268 clare
939 2208 975 2268 et
990 2202 1133 2268 dilucide
1148 2203 1238 2289 quod
1253 2201 1364 2267 omnia

304 2311 415 2371 vestra
436 2307 571 2392 negotiu
592 2311 688 2370 erant
722 2305 758 2370 in
792 2305 938 2392 periculo
960 2305 1130 2392 pereundi,
1152 2305 1219 2370 nisi
1241 2305 1364 2369 seisina

307 2407 464 2493 praedicta
485 2415 670 2474 remaneret
691 2407 728 2472 in
759 2413 852 2474 statu
884 2428 950 2492 quo
973 2405 1064 2494 prius
1086 2406 1161 2484 fuit,
1182 2405 1363 2472 secundum

309 2531 406 2594 quem
443 2510 562 2575 saltem
596 2531 754 2596 expensae
791 2508 983 2574 uecessariae
1021 2530 1096 2594 quae
1127 2508 1364 2575 incumbebant

308 2618 462 2698 poteraut
476 2611 555 2677 inde
570 2612 692 2700 percipi
707 2617 741 2678 et
756 2611 885 2676 haberi:
902 2610 988 2677 circa
1002 2611 1090 2696 quod
1105 2633 1174 2676 non
1188 2661 1317 2678 .....
1333 2631 1362 2691 o,

309 2735 384 2778 cum
422 2713 703 2779 constabularium
735 2716 883 2778 vestrum
916 2711 1044 2778 credam
1080 2734 1179 2800 super
1210 2713 1273 2779 hoc
1304 2734 1364 2777 vos

309 2815 516 2881 redditurum
554 2817 733 2882 certiorem.
789 2815 906 2882 Unum
944 2818 1094 2880 attamen
1130 2837 1198 2880 non
1235 2815 1364 2893 omitto,

309 2918 398 3005 quod
435 2918 501 2984 uisi
539 2918 626 2985 foret
667 2917 841 2985 consilium
886 2917 1103 2984 discretorum
1148 2919 1364 2984 asserentium

309 3042 441 3107 poeuum
465 3020 577 3089 srsctae
600 3020 729 3087 seisiuae
751 3020 820 3087 fore
843 3020 1065 3099 arbitrariam,
1088 3020 1266 3086 secundum
1289 3043 1365 3086 cou-

309 3123 499 3189 suetudines
522 3122 621 3189 crrriae
645 3122 803 3201 Franciae,
826 3122 855 3189 si
879 3124 1048 3189 scivissem
1070 3123 1210 3189 alteram
1231 3145 1363 3211 poenam

309 3247 375 3290 non
398 3226 508 3291 minus
540 3247 706 3312 magnam,
737 3246 788 3290 me
821 3226 1009 3291 soluturum
1041 3225 1082 3290 dc
1115 3247 1198 3305 meo,
1231 3232 1364 3291 tuntum

308 3327 541 3393 inconveniens
586 3328 657 3393 fieri
698 3327 888 3393 nullatenus
937 3326 1133 3393 telmessum
1188 3327 1365 3415 Ignoratur

309 3430 397 3494 euim
420 3452 440 3495 a
462 3430 582 3495 vestris
616 3429 838 3516 omninoque
869 3451 930 3516 pro
963 3428 1125 3494 habendis
1148 3430 1299 3517 expensis
1321 3431 1364 3495 ad

310 3531 442 3617 negotia
463 3531 689 3617 prosequenda
711 3530 887 3597 divertent.

354 3634 401 3697 Et
429 3633 508 3699 licet
530 3632 656 3699 dixerit
675 3633 872 3699 senescallus
894 3632 1074 3721 praedictus
1104 3633 1192 3720 quod
1224 3634 1265 3700 de
1298 3633 1366 3700 ulia
1410 3672 1414 3679 ·

309 3742 397 3800 terra
429 3739 465 3801 et
494 3734 564 3821 ejus
586 3735 734 3801 exitibus
756 3734 1013 3822 provideremus,
1035 3736 1065 3801 si
1089 3735 1257 3815 vellemus,
1279 3738 1365 3803 circa

309 3836 517 3925 hujusmodi3
555 3842 706 3903 attamen
736 3837 800 3903 sibi
830 3837 895 3904 fuit
925 3843 1038 3925 aperte
1078 3843 1245 3905 ostensum
1275 3840 1364 3925 quod

310 3945 383 4005 tota
415 3946 504 4005 terra
535 3940 665 4006 residua
698 3962 765 4005 non
796 3939 979 4007 sufficiebat
1008 3940 1051 4007 ad
1085 3962 1244 4029 expensas
1275 3940 1365 4007 unici

310 4042 545 4130 parliamenti;
593 4042 650 4107 sed
691 4043 794 4109 verba
830 4048 945 4108 nostra
988 4048 1090 4108 vento
1132 4042 1257 4109 leviora
1300 4043 1365 4109 sibi

310 4145 452 4223 fuerunt,
474 4152 508 4211 et
530 4144 660 4210 nullum
675 4147 972 4231 temperamentum
993 4144 1105 4231 potuit
1127 4144 1267 4210 obtineri
1290 4152 1365 4231 post

309 4268 471 4312 recessum
493 4245 644 4335 praedicti
667 4246 793 4311 domini
820 4246 996 4313 senescalli.
1052 4246 1103 4311 De
1132 4246 1185 4311 his
1214 4248 1365 4334 partibus

312 4370 380 4413 non
402 4355 481 4413 sunt
504 4347 568 4413 alia
590 4348 768 4415 immutata
790 4347 892 4435 digna
913 4347 1028 4414 relatu.

355 4450 534 4537 Praecipite,
552 4450 692 4528 domine,
706 4449 789 4515 mihi
804 4454 917 4515 vestro
938 4450 1182 4538 beneplacitum
1196 4457 1344 4519 vestrum
1356 4478 1365 4534 ;

311 4574 353 4617 ex
375 4554 436 4618 hoc
458 4552 546 4618 enim
569 4574 661 4618 meus
683 4554 813 4617 animus
836 4553 1000 4640 praecipue
1022 4552 1201 4620 hilarescet

358 4654 444 4720 Item
467 4654 585 4731 sciatis,
610 4654 751 4733 domine,
774 4655 861 4741 quod
885 4655 1000 4719 audito
1017 4654 1144 4739 judicio
1166 4662 1281 4721 contra
1303 4680 1364 4723 vos

313 4756 382 4821 lato
406 4758 440 4821 in
462 4757 549 4821 fricto
573 4756 720 4842 Aquensi
743 4757 926 4822 incuriam
951 4757 1098 4822 Francia
1113 4758 1230 4823 accessi
1248 4760 1365 4845 Aquis,
