3609 5800
406 865 654 918 rnnusrnsrrvn
677 867 722 914 or
745 869 816 916 risu
838 869 947 918 umor
971 869 1014 916 or
1038 869 1159 918 ununr
1182 870 1232 918 111.
1280 857 1343 918 115

293 1042 352 1129 qni
374 1041 519 1108 ecclcsiae
534 1041 692 1108 Rcmenec
715 1042 857 1109 devotus
879 1047 914 1108 et
936 1041 1033 1108 nobis
1055 1042 1194 1108 dilectus
1209 1043 1343 1121 existet,

293 1151 329 1210 et
365 1143 510 1210 mnxime
542 1165 618 1210 cum
642 1143 770 1223 Gallici,
792 1143 878 1212 sicut
911 1145 1025 1226 nostis,
1049 1145 1086 1210 iu
1118 1144 1346 1232 prejudicium

257 1321 264 1330 ,
292 1246 400 1313 nostri
422 1245 466 1312 cd
488 1247 551 1312 hoc
573 1247 731 1334 sepirent,
756 1245 813 1332 qui
835 1247 873 1325 si,
895 1247 985 1333 quod
1008 1245 1105 1327 obsit,
1127 1253 1346 1334 assequantur

293 1349 382 1434 quod
416 1353 545 1435 optent,
567 1348 739 1437 negotium
772 1349 867 1436 regni
889 1347 1022 1430 Sicilie,
1053 1351 1143 1436 quod
1174 1371 1218 1415 ex
1249 1350 1345 1416 corde

293 1451 531 1538 prosequimur,
570 1455 610 1516 nt
655 1456 816 1532 tenerum,
861 1472 997 1536 gravem
1031 1451 1136 1538 possit
1180 1451 1345 1518 incurrere

293 1553 469 1620 lresionem

340 1655 441 1722 Unde
462 1655 540 1722 hnic
562 1655 709 1742 periculo
742 1653 878 1722 obvierc
912 1655 1068 1732 volentes,
1092 1655 1226 1722 domino
1252 1677 1346 1744 popm
1359 1667 1462 1719 werre

294 1758 451 1824 duximus
480 1757 734 1845 supplicandum
757 1757 846 1844 quod
868 1777 975 1824 unum
998 1757 1039 1824 de
1069 1758 1177 1824 tribus
1200 1757 1348 1824 cerdincr
1360 1735 1483 1814 'hm‘

295 1859 391 1937 nnus,
412 1860 538 1928 emese
560 1859 731 1926 nominum
753 1859 978 1945 uernum]
1000 1859 1101 1926 seno
1124 1859 1156 1928 s.
1177 1859 1348 1926 Lamotis
1360 1802 1506 1934 lotit‘h‘

295 1963 331 2028 in
345 1961 471 2028 Lucina
493 1962 724 2049 presbyterum
737 1960 946 2042 cardinalem,
963 1961 1018 2030 vel
1040 1961 1211 2028 dominum
1234 1961 1348 2049 Hugo-
1360 1937 1445 2066 ffl
1452 2008 1480 2052 t„

295 2085 371 2130 nem
403 2064 505 2130 titulo
539 2064 571 2130 S.
611 2063 745 2131 Sebinm
777 2063 1007 2150 presbyterum
1040 2064 1248 2146 cardinalem,
1287 2067 1347 2129 eut
1360 2067 1497 2134 cormery.

295 2165 465 2232 dominum
495 2165 704 2233 Ottobonum
749 2165 782 2232 S.
828 2163 991 2232 Adricni¹
1031 2165 1205 2235 diaconum
1242 2167 1347 2234 cardi-

295 2269 405 2335 nalem
442 2269 478 2333 in
515 2268 762 2334 Allemenniem
801 2268 969 2334 destinare
1007 2269 1174 2356 dignetur,
1212 2273 1251 2336 ut
1288 2289 1347 2355 per

296 2371 385 2436 illins
408 2369 652 2459 providentium
666 2391 766 2457 quem
781 2370 898 2438 mittet
913 2370 1006 2436 istud
1020 2372 1192 2458 negotium
1207 2369 1348 2436 feliciter

295 2473 474 2540 ordinetur.

341 2576 397 2641 Ad
426 2577 498 2642 haec
523 2580 636 2641 vestre
669 2575 752 2642 sciet
781 2575 936 2642 discretio
967 2574 1057 2662 quod
1079 2595 1151 2641 cum
1176 2581 1350 2642 teneamur
1363 2595 1466 2650 cosme

296 2678 437 2744 eoclcsiae
468 2678 629 2746 Romame
657 2678 746 2744 infre
775 2677 900 2744 festum
930 2677 963 2744 S.
995 2677 1165 2744 Michaelis
1198 2671 1493 2782 ριόιιὶιηοῐέζὲζζξέᾗιε

297 2784 475 2845 venturum
511 2780 637 2846 solvere
685 2783 818 2845 centum
862 2779 1006 2866 triginta
1052 2779 1197 2866 quinque
1244 2779 1503 2848 millicwhichnu

297 2903 480 2947 morcarum
514 2881 714 2969 quingentas
744 2887 778 2948 et
809 2904 921 2960 unam,
953 2885 987 2947 ct
1020 2881 1235 2949 nihilominus
1272 2867 1485 2984 illncfflffiel.

299 2986 347 3049 ire
369 2984 458 3049 inire
472 2984 614 3050 eundem
628 2984 819 3063 terminum,
835 2984 891 3050 vel
906 2985 1039 3050 mittere
1054 2985 1261 3072 capitaneum
1276 3006 1351 3051 cum
1362 3014 1417 3051 mas
1427 3000 1468 3050 sor

298 3086 418 3152 mritis
449 3086 660 3173 competenti,
678 3086 781 3172 juxte
811 3086 900 3166 tenu
933 3086 1058 3175 negotii
1090 3088 1294 3175 quaterem,
1317 3066 1511 3183 sempe

298 3193 432 3275 propter
464 3210 576 3254 cesum
610 3188 668 3274 qui
699 3189 742 3254 de
771 3208 861 3253 novo
895 3188 1015 3253 eccidit
1049 3190 1159 3277 legato
1187 3191 1224 3255 in
1250 3210 1351 3277 regno
1365 3198 1472 3251 sicilie.

298 3291 463 3379 Appuliae‚
485 3296 519 3357 st
541 3295 675 3377 propter
697 3290 799 3356 etiem
822 3292 1007 3379 ceptionem
1030 3293 1159 3359 comitis
1175 3292 1351 3359 Sdbnudiae

298 3392 384 3457 inim
416 3397 486 3457 tem
519 3391 655 3458 brevem
687 3392 867 3459 terminum
899 3397 1058 3459 neutrum
1087 3394 1248 3482 complere
1277 3417 1352 3481 pos-

297 3496 409 3573 simus,
431 3494 565 3561 dominc
596 3516 692 3582 pepae
723 3494 945 3581 supplicemus
971 3495 1143 3562 humiliter
1172 3502 1207 3562 et
1232 3497 1351 3563 devote

299 3603 462 3684 quatenus
510 3596 669 3663 dilectum
718 3602 870 3663 nostrum
921 3598 1119 3685 magistrum
1165 3598 1352 3664 dordunum

299 3700 466 3767 noterium
496 3720 594 3765 suum
623 3720 723 3787 super
752 3700 968 3787 protegendis
990 3700 1179 3786 hujusmodi
1201 3702 1353 3768 terminis

298 3802 341 3867 ed
356 3824 418 3867 nos
441 3800 566 3869 mittet
613 3802 659 3867 Et
680 3822 779 3889 super
800 3803 862 3869 hcc
884 3824 959 3869 cum
981 3824 1111 3869 summo
1132 3803 1353 3871 sollicitudine

297 3903 464 3985 laboretis,
486 3908 688 3992 exponentes
710 3904 846 3971 domino
868 3926 964 3993 pcpae
986 3910 1021 3972 et
1035 3906 1195 3973 frutribus
1210 3908 1354 3993 qualiter

297 4006 386 4072 infre
406 4006 527 4073 festum
551 4007 588 4073 B.
609 4006 777 4075 «Iohannis
799 4006 962 4095 Beptistae
992 4008 1143 4096 proximo
1173 4012 1352 4074 venturum

298 4110 466 4177 omcsione
510 4110 609 4175 istius
653 4110 780 4198 negotii
817 4111 987 4199 octoginta
1023 4112 1130 4177 millia
1166 4132 1352 4179 marcorum

298 4213 367 4279 fere
387 4212 569 4291 solventur,
593 4210 719 4279 scilicet
741 4212 963 4301 quodraginta
984 4214 1089 4279 millio
1111 4234 1296 4279 marcorum
1318 4220 1354 4279 et

297 4336 399 4381 unum
431 4314 671 4381 mercatoribus
693 4314 919 4399 Seneneibue3
952 4316 1036 4382 item
1067 4316 1157 4381 mille
1195 4316 1352 4383 ducentes

294 4417 390 4483 sociis
405 4416 539 4504 Spillnti
553 4441 562 4498 ;
584 4438 644 4505 pro
660 4418 781 4503 quibus
796 4419 953 4485 omnibus
968 4424 1020 4485 est
1037 4418 1166 4485 decime
1180 4418 1351 4507 obligctc3

653 4755 980 4824 messuerimus.
1201 4841 1222 4904 2

1151 4854 1178 4905 n
