3609 5800
423 881 486 947 136
566 894 682 946 aorla
704 897 779 947 san
802 897 918 947 orans
941 895 1149 949 ursrorucm
1172 897 1320 948 asrruas

419 1071 542 1138 similia
572 1095 594 1136 a
627 1073 723 1139 nobis
749 1077 922 1161 expetunt,
946 1073 1073 1139 imitari
1104 1073 1254 1140 volantes
1284 1071 1475 1138 damnosam

420 1176 693 1244 consuetudinem
726 1176 868 1242 Walteri
902 1176 943 1242 de
975 1176 1065 1262 Lacy
1087 1180 1123 1242 et
1151 1175 1293 1242 fratrum
1316 1175 1395 1262 ejus,
1419 1175 1476 1261 qui

421 1276 486 1342 Dei
511 1279 628 1345 timore
658 1279 845 1366 postposito
875 1278 963 1345 bona
991 1278 1186 1345 monasterii
1208 1282 1244 1345 et
1264 1277 1475 1366 grangiarum

422 1379 585 1446 violenter
623 1384 659 1446 et
696 1381 821 1467 injuste
858 1403 928 1448 non
964 1379 1191 1446 formidabant
1228 1379 1293 1445 sibi
1325 1379 1476 1466 diripere,

423 1483 555 1567 quando
577 1504 646 1549 non
669 1484 785 1550 extitit
807 1483 961 1570 princeps
991 1483 1045 1548 vel
1071 1481 1229 1570 praelatus
1251 1481 1309 1569 qui
1332 1481 1477 1570 ipsorum

422 1585 593 1650 violentiis
627 1585 763 1651 volebat
795 1586 849 1652 vel
879 1585 1005 1673 poterit
1035 1584 1177 1650 obviare.
1233 1583 1299 1650 Sed
1329 1589 1477 1670 tempore

421 1688 512 1773 pacis
545 1710 604 1774 per
636 1688 807 1754 dominum
839 1687 1029 1754 Jobannem
1063 1687 1186 1752 Filium
1213 1685 1352 1752 Gallridi
1378 1685 1477 1772 justi·

423 1790 561 1854 ciariunr
584 1795 734 1855 vestrum
760 1790 902 1857 firmatae
925 1791 1010 1856 tales
1033 1790 1288 1856 eonsuetudines
1313 1791 1349 1856 in
1371 1789 1478 1877 plenis

422 1891 534 1956 assisis
558 1891 726 1958 Dubliniae
748 1893 910 1978 prohibiti
933 1893 1072 1958 suntin
1095 1914 1155 1958 nos
1182 1913 1339 1958 exercere.
1387 1891 1477 1972 Quas

421 2015 510 2058 nuuc
543 1994 665 2058 iterum
696 1995 851 2060 ardenter
883 1994 1042 2061 affectant
1077 1994 1260 2061 vendicare.
1307 1995 1351 2060 Et
1390 1994 1474 2072 ideo,

422 2096 464 2160 de
496 2095 632 2161 consilio
667 2096 793 2161 domini
823 2097 957 2184 A[iani]
990 2097 1137 2163 Lasuohe
1167 2096 1347 2183 justiciarii
1374 2096 1476 2162 vestri

422 2203 457 2262 et
479 2198 619 2263 aliorum
642 2200 849 2285 quorundam
872 2204 1067 2288 magnatum
1083 2199 1142 2286 qui
1155 2199 1313 2266 bonorem
1328 2204 1475 2264 vestrum

422 2307 457 2365 et
479 2301 709 2368 indemitatem
732 2323 924 2368 conservare
947 2302 1143 2382 desiderant,
1159 2303 1202 2368 ad
1223 2324 1284 2368 vos
1306 2302 1475 2368 dominum

422 2408 573 2468 nostrum
608 2425 647 2470 ac
677 2426 788 2493 regem
826 2405 964 2472 latorem
1004 2405 1217 2492 praesentium
1255 2405 1392 2472 fiatrem
1430 2405 1474 2471 Μ.

421 2507 619 2571 monachum
653 2513 806 2574 nostrum
842 2507 1113 2590 transmittimus,
1151 2509 1250 2596 regiae
1288 2507 1475 2574 serenitatis

422 2614 542 2676 vestras
579 2611 721 2695 gratiam
755 2609 976 2698 deprecantes,
1010 2615 1175 2698 quatenus
1213 2611 1313 2678 solius
1351 2611 1475 2676 dirime

420 2711 555 2796 pietatis
592 2713 721 2778 intuitu
758 2734 819 2778 nos
857 2717 892 2778 et
929 2713 1064 2778 domurn
1101 2718 1248 2779 nostram
1293 2713 1475 2780 secundum

421 2817 569 2880 terrorem
592 2819 758 2880 cartarum
788 2821 984 2894 nostrarum,
1010 2837 1091 2903 quas
1116 2837 1176 2882 vos
1198 2820 1233 2882 et
1256 2822 1475 2884 antecessores

421 2916 524 2981 vestri
561 2937 621 3003 pro
662 2917 811 2983 mercede
843 2917 968 2984 coelesti
1003 2918 1198 2998 contulistis,
1221 2920 1473 2999 manuteneatis,

420 3018 611 3103 protegatis,
646 3024 680 3085 et
714 3018 910 3098 defendatis,
942 3040 1001 3085 nos
1033 3025 1067 3086 et
1099 3020 1233 3087 domum
1267 3025 1415 3086 nostram
1454 3045 1475 3086 a

420 3118 565 3185 dominio
603 3126 716 3187 vestro
752 3122 796 3187 ad
833 3121 1018 3189 dominium
1056 3124 1193 3189 alterius
1223 3122 1264 3190 de
1294 3144 1359 3209 quo
1390 3123 1475 3188 nihil

420 3270 705 3289 ..........
730 3224 824 3289 sferri
847 3226 1087 3311 permittentes.

465 3324 612 3391 Tantum
636 3346 734 3413 super
764 3326 817 3391 his
844 3328 999 3393 omnibus
1021 3326 1121 3395 saciat
1144 3335 1264 3396 vestrae
1286 3327 1474 3395 serenitatis

303 3428 316 3441 “
422 3427 584 3514 dignatio,
608 3428 637 3494 si
669 3430 788 3516 placet,
810 3434 850 3495 ut
874 3429 916 3496 de
939 3430 1214 3498 tribulationibus
1250 3436 1285 3498 et
1315 3432 1475 3518 pressuris

418 3583 770 3606 ............
793 3555 892 3621 rper
926 3538 1047 3601 vestrae
1082 3534 1280 3601 defensionis
1309 3533 1470 3600 auxilium

417 3636 609 3704 relevemur.
654 3635 773 3703 Valete
795 3658 923 3725 semper
945 3636 981 3703 in
1005 3637 1159 3705 Domino.
