3609 5800
447 881 695 931 rLLus'rRArrvu
718 885 762 931 OF
784 884 854 933 THE
878 884 985 933 sumu
1010 886 1053 933 OF
1077 886 1198 935 HENRY
1221 886 1269 935 ΙΙΙ.
1318 876 1382 941 ‘239

377 1054 532 1121 Ceterum
556 1057 634 1142 quie
657 1056 793 1123 dilectos
827 1062 862 1123 et
896 1058 1009 1123 fideles
1044 1064 1174 1123 nostros
1196 1058 1384 1123 Johonucm

333 1156 472 1223 Msusell
495 1159 736 1225 thesaurarium
754 1160 993 1227 Ebomoensom
1017 1165 1052 1227 et
1075 1161 1258 1227 Robertum
1275 1160 1386 1225 Wule-

331 1261 423 1337 rond,
462 1266 598 1348 propter
633 1262 865 1329 infirmitatem
902 1268 1060 1343 nostram,
1100 1270 1135 1329 et
1172 1286 1231 1350 pro
1268 1284 1387 1351 guerre

331 1368 445 1429 nostru
467 1363 607 1444 Walliae,
630 1386 759 1431 necnon
792 1370 829 1433 et
859 1366 935 1431 aliis
965 1366 1108 1455 negotiis
1143 1366 1238 1431 nobis
1261 1366 1386 1431 incum-

330 1464 495 1544 bentibus,
519 1467 571 1532 his
595 1467 712 1533 diebus
735 1468 777 1533 sd
808 1471 1020 1555 praesentiam
1042 1474 1189 1535 vestram
1220 1467 1385 1535 destinam

331 1567 412 1631 non¹
431 1568 608 1655 potuimus,
617 1569 784 1636 mittimus
793 1572 1017 1637 venerabilem
1027 1577 1155 1659 putrem
1166 1570 1383 1657 W[elterum]

331 1668 551 1736 Exoniensem
564 1673 760 1759 episcopum,
772 1672 1011 1759 W[illclmum]
1028 1674 1069 1737 de
1081 1672 1240 1738 Voleucia
1250 1672 1385 1737 fratrem

332 1776 491 1851 nostrum,
514 1778 549 1839 et
580 1774 738 1859 quosdam
773 1775 856 1839 alios
888 1775 1002 1840 fideles
1024 1780 1154 1841 nostros
1177 1774 1220 1839 ad
1243 1796 1384 1860 proesen-

332 1874 415 1939 tiam
437 1881 593 1955 vestrum,
618 1899 676 1963 pro
702 1876 845 1963 nogotiis
879 1878 1002 1943 nostris
1037 1900 1136 1963 penes
1159 1899 1219 1942 vos
1253 1878 1385 1963 expedi-

333 1977 427 2041 endis
449 1978 658 2065 superfacto
681 1980 770 2065 pscis
792 1979 883 2045 inter
905 2001 965 2045 vos
998 1985 1033 2045 et
1066 2002 1126 2045 nos
1160 1980 1262 2056 initis,
1286 1986 1386 2067 prout
1516 1990 1522 2001 '

331 2100 436 2165 nuper
451 2085 529 2145 cute
551 2102 713 2146 recessum
728 2086 878 2147 nostrum
894 2104 915 2146 e
929 2082 1024 2147 vobis
1040 2083 1128 2169 opud
1145 2081 1383 2169 Compendium

332 2181 519 2247 condictum
553 2182 627 2263 fuit,
651 2182 738 2247 sicut
771 2184 877 2248 nostis
889 2208 898 2263 ;
922 2182 1042 2269 quibus
1073 2204 1172 2269 super
1204 2183 1255 2247 his
1286 2184 1385 2249 fidem

332 2284 487 2349 adhibere
510 2284 621 2349 velitis
647 2285 882 2351 indubitatum.

377 2386 472 2453 Teste
504 2408 580 2475 rege
603 2388 693 2474 opud
716 2387 1057 2465 westmonasterium,
1081 2388 1198 2474 quinto
1222 2388 1275 2453 die
1300 2388 1383 2453 Feb-

333 2510 442 2555 ruem

769 2852 924 2920 DXCVI.

408 2989 538 3057 Hurnv
562 2991 627 3058 ΙΙΙ.
651 3008 694 3056 ro
717 2990 923 3071 Musarum,
949 2989 1072 3072 Quum
1096 3007 1140 3056 or
1164 2991 1315 3058 Fusucn

532 3125 604 3188 (Rot
616 3125 699 3177 Clam.
711 3129 743 3176 4⁷
755 3125 822 3179 Hes.
830 3125 890 3187 111„
900 3125 993 3176 memb.
1008 3129 1037 3174 12
1049 3125 1076 3176 iu
1088 3127 1184 3190 dorso.)

376 3241 512 3328 Reginae
536 3241 686 3308 Frsnciae
708 3263 768 3304 rex
800 3240 1008 3320 salutemet
1040 3241 1175 3306 sinceres
1198 3241 1384 3307 dilectionis
1396 3245 1457 3294 reb.
1471 3250 1496 3310 ⁵2

333 3343 493 3409 affectum.
1400 3316 1471 3362 ¹²⁶3·

377 3446 460 3512 Oum
483 3446 568 3512 circs
590 3447 697 3513 foedus
719 3446 818 3532 pacis,
842 3445 1040 3522 dilectionis,
1067 3449 1101 3510 et
1123 3445 1265 3511 unitatis
1294 3447 1383 3510 inter
1397 3455 1522 3520 Prayuse

332 3552 502 3618 dominum
524 3558 671 3619 vestrum
707 3558 741 3617 et
775 3557 927 3617 nostrum
954 3573 1064 3638 regem
1088 3551 1236 3617 Franciae
1268 3560 1301 3618 et
1324 3522 1552 3640 nosssgffiffiffi

331 3654 512 3722 ineundum
534 3660 658 3722 nostrae
691 3654 814 3720 mentis
846 3653 1067 3720 desiderium⁹
1102 3654 1223 3720 effectu
1245 3675 1327 3741 puro
1351 3659 1384 3719 et
1397 3655 1527 3704 esurum-

332 3758 428 3822 corde
449 3758 654 3846 posuerimus
676 3779 743 3822 non
776 3757 888 3822 minus
921 3757 1062 3835 intente,
1088 3756 1124 3820 in
1156 3779 1194 3822 eo
1224 3763 1383 3844 tanquam
1396 3723 1508 3852 we&

333 3858 475 3938 domino,
498 3861 751 3947 consanguinee,
774 3865 809 3924 et
840 3859 945 3926 amico
979 3859 1135 3924 fiduciam
1158 3859 1319 3924 hebentes
1342 3881 1383 3923 ex

332 3965 413 4041 toto,
437 3963 649 4028 serenitatem
672 3968 817 4028 vestram
851 3965 983 4027 attente
1012 3961 1212 4048 requirimus
1234 3966 1268 4026 et
1290 3983 1383 4047 roga-

332 4086 414 4145 mus,
453 4071 617 4151 quetenus
662 4087 740 4154 ergo
784 4065 982 4152 praedictum
1028 4064 1198 4130 dominum
1235 4066 1382 4128 vestrum

331 4167 456 4233 instare
479 4172 513 4233 et
547 4189 642 4256 opem
676 4167 867 4254 impendere
889 4167 1010 4248 velitis,
1034 4172 1073 4232 ut
1096 4187 1228 4232 suerum
1252 4186 1383 4252 precum

331 4269 540 4348 adminiculo,
556 4292 615 4357 per
638 4271 758 4335 summi
780 4270 948 4357 pontificis
963 4269 1146 4334 subsidium
1163 4271 1197 4332 et
1214 4267 1383 4353 juvamen,

332 4377 447 4436 votum
485 4373 589 4438 crucis
620 4379 742 4440 nostrae
777 4373 917 4460 explere,
953 4377 988 4437 et
1022 4371 1086 4436 Dei
1120 4369 1301 4450 servitium,
1341 4369 1384 4434 ud

331 4474 420 4558 quod
456 4475 677 4542 intentionem
714 4481 862 4542 nostram
897 4474 1100 4552 devovimus,
1134 4472 1311 4558 perfectius
1349 4477 1384 4538 et

917 4679 954 4684 ⁴...-
964 4677 1040 4684 ...-,.....

365 4803 372 4832 ¹
390 4802 451 4867 non]
463 4801 517 4853 Not
527 4804 554 4853 in
565 4803 622 4853 MS.
853 4802 859 4868 Ι
906 4804 915 4830 ²
931 4800 1088 4866 desiderium]
1102 4800 1207 4862 decidii,
1220 4800 1276 4852 Me.
