3609 5800
419 854 684 909 summumve
707 857 751 907 Ob*
773 858 843 907 THE
866 858 976 909 Rusca
1000 860 1044 909 OF
1066 859 1188 909 rrum
1211 860 1261 911 111.
1319 848 1382 909 105

331 1056 389 1101 vos
412 1039 473 1100 aut
487 1034 590 1099 vestri
604 1032 828 1120 progenitores
843 1052 1012 1119 nunquam
1027 1032 1110 1099 talia
1131 1034 1517 1122 praesumpsissemus

331 1135 385 1201 vel
415 1156 611 1223 presumere
634 1134 804 1213 debuistis,
827 1136 916 1221 quod
945 1138 1056 1201 totum
1078 1134 1149 1201 sine
1178 1142 1289 1203 vestre
1310 1105 1545 1203 oon-therme.

331 1236 482 1303 niventia
503 1237 576 1303 fieri
598 1258 666 1303 non
688 1237 799 1325 potuit
823 1236 876 1302 vel
900 1256 1066 1303 consensu

376 1340 463 1405 Sane
493 1338 608 1405 audito
630 1360 690 1427 per
725 1337 852 1404 domini
889 1360 985 1426 papoe
1022 1337 1261 1405 cubicularium
1298 1340 1386 1426 quod

331 1441 419 1507 idem
463 1441 615 1507 dominus
657 1438 777 1506 nuntio
815 1439 963 1525 ejusdem
1000 1439 1235 1528 archiepiscopi
1272 1441 1386 1507 literas

331 1550 532 1611 concesserat
553 1543 765 1631 asperitatem
788 1542 1005 1624 continentes,
1032 1542 1153 1629 quibus
1182 1542 1386 1609 audientiam

331 1646 496 1732 publicam
534 1644 612 1711 dare
643 1666 711 1710 non
742 1644 873 1710 curavit
907 1644 1098 1731 priusquam
1136 1644 1241 1711 literas
1278 1644 1387 1711 trade·

331 1753 448 1814 rentur
477 1748 521 1814 ad
555 1746 690 1827 bullam,
718 1750 753 1811 et
784 1750 877 1811 motu
912 1746 1001 1811 tanti
1032 1747 1158 1813 domini
1190 1747 1386 1834 quiescente,

331 1870 507 1937 parumper
529 1848 674 1915 excitavi
696 1850 806 1935 ipsum
829 1848 944 1914 multis
973 1848 1081 1913 modis
1106 1848 1150 1915 ad
1171 1848 1264 1915 aliud
1286 1870 1385 1935 quam

332 1952 472 2029 volebat,
492 1952 581 2018 inter
603 1956 712 2019 cetera
733 1970 919 2038 proponens
941 1948 1031 2035 quod
1053 1951 1177 2016 curiam
1193 1950 1386 2029 Romanam,

333 2075 407 2139 quse
445 2052 597 2119 omnibus
635 2074 695 2140 pro
729 2051 898 2139 justitiam
937 2051 1124 2119 exhibendo
1154 2074 1189 2119 se
1218 2053 1387 2140 promittit

332 2154 517 2221 arbitrioem
548 2154 752 2242 principibus
782 2158 817 2219 et
848 2154 965 2220 mundi
991 2153 1166 2235 nobilibus,
1191 2153 1296 2220 lacere
1319 2177 1387 2220 non

332 2256 460 2322 deceret
486 2255 651 2342 injuriam,
675 2261 714 2322 ut
744 2254 788 2320 ad
818 2255 1033 2321 assertionem
1055 2255 1290 2342 archiepiscopi
1320 2277 1388 2320 me-

332 2356 451 2423 morati
486 2358 539 2423 vel
569 2356 801 2443 cujuscumque
832 2358 1008 2434 narrantis,
1038 2356 1109 2423 sine
1139 2378 1245 2424 causac
1276 2358 1388 2444 cogni·

331 2459 430 2539 tione,
455 2448 648 2546 exequendo
671 2458 793 2527 scribat
815 2464 933 2524 contra
954 2459 1063 2546 ipsos3
1096 2458 1232 2524 tandem
1255 2460 1387 2525 obtinui

331 2560 461 2627 literam
492 2562 537 2627 sic
569 2561 734 2649 suspendi,
759 2567 799 2627 ut
831 2560 979 2627 celeriter
1011 2560 1230 2627 dominationi
1267 2566 1386 2629 vestrm
1496 2557 1500 2562 ⁴

332 2666 366 2729 et
403 2662 538 2729 dominc
569 2664 733 2729 Edwardo
770 2663 958 2730 nuntiarem
989 2662 1165 2730 veritatem
1195 2664 1243 2729 rei
1275 2670 1386 2750 gestae,

333 2785 406 2829 cum
435 2765 602 2851 proposito
633 2764 759 2829 domini
792 2786 895 2853 papas,
933 2766 991 2851 qui
1028 2786 1063 2831 se
1100 2764 1184 2830 mori
1217 2765 1386 2852 promittit

334 2865 522 2954 priusquam
552 2866 620 2932 suis
650 2866 852 2953 temporibus
876 2872 1013 2955 pereant
1039 2866 1262 2935 ecclesiasticae
1287 2866 1384 2945 liber-

333 2975 441 3047 tatea;
478 2975 513 3035 ct
550 2969 615 3034 nisi
652 2968 848 3035 festinanter
885 2969 1027 3036 ecclesiae
1057 2968 1292 3058 Burdogalensi
1324 2973 1385 3037 fiat

332 3070 471 3136 emenda
504 3092 639 3136 manum
669 3071 791 3158 diriget
821 3071 864 3136 ad
893 3071 1084 3138 vindictam.
1129 3071 1277 3159 Expedit
1308 3097 1385 3161 ergo

334 3176 372 3238 ut
401 3173 471 3238 sine
494 3193 592 3238 morae
614 3171 787 3259 dispendio
810 3194 907 3259 super
930 3172 1119 3258 hujusmodi
1140 3175 1274 3262 negotio
1297 3175 1386 3261 quod

334 3274 379 3340 sit
401 3276 483 3340 utile
510 3275 679 3340 ordinetur
702 3275 824 3361 pariter
848 3279 882 3340 et
904 3275 1087 3341 honestum.

378 3377 432 3442 Ad
455 3377 525 3443 haec
546 3377 716 3442 venientes
739 3398 780 3441 ex
803 3383 896 3464 parts
913 3376 1090 3443 Mainfredi
1113 3378 1195 3445 dicti
1218 3378 1384 3466 principis,
1399 3403 1442 3452 An
1454 3421 1504 3454 em.

334 3501 408 3546 cum
426 3479 634 3545 solemnitate
656 3479 774 3565 grandi
789 3483 1011 3566 proponentes
1033 3481 1141 3566 ipsum
1163 3471 1547 3588 mstgssffissssmffifflm

335 3581 589 3668 magnanimum,
612 3585 647 3646 et
669 3579 872 3661 munificum,
889 3585 924 3646 et
945 3603 1003 3668 per
1025 3583 1136 3647 omnia
1157 3588 1329 3650 strenuum
1351 3590 1386 3650 et
1398 3602 1445 3652 has
1456 3604 1519 3654 been

334 3683 602 3770 circumspectum
625 3688 659 3748 et
681 3687 836 3770 paratum
858 3683 902 3748 ad
926 3682 1067 3750 ecelesiae
1090 3685 1311 3768 devotionem,
1328 3709 1384 3753 ex·
1399 3668 1466 3719 here.

333 3790 482 3852 cusantes
507 3783 632 3851 domini
657 3783 709 3850 sui
735 3783 930 3863 absentiam,
949 3785 1008 3871 qui
1030 3784 1153 3851 citatus
1170 3789 1387 3874 personaliter

333 3909 429 3973 super
444 3885 580 3952 ommino
595 3886 771 3973 pravitatis
785 3886 950 3952 haereticae
964 3908 1033 3951 non
1049 3890 1232 3975 comparuit
1254 3913 1386 3978 respon-

334 4011 450 4069 surus;
486 3989 710 4066 obtinuerunt,
742 4009 780 4054 eo
811 3994 1007 4075 procurante
1041 3991 1099 4077 qui
1131 4013 1199 4056 non
1227 3993 1385 4078 loquitur,

334 4089 459 4156 differri
496 4091 723 4158 executionem
752 4090 927 4158 sententias
965 4093 1312 4159 excommunicationis
1348 4095 1385 4159 in

333 4194 441 4280 ipsum
456 4193 609 4280 usquein
631 4193 753 4258 festum
769 4193 800 4258 S.
819 4191 966 4272 Martini,
983 4194 1072 4281 qaod
1094 4194 1158 4260 sibi
1180 4195 1385 4283 assignatum
1517 4271 1523 4283 ³

333 4300 383 4360 est
407 4317 466 4382 pro
489 4295 630 4360 termino
652 4294 870 4381 peremptorio
894 4296 938 4360 ad
958 4297 1211 4382 comparendum
1233 4319 1386 4383 persona

333 4395 417 4461 liter.
463 4395 622 4481 Alioquin
637 4401 774 4462 extunc
794 4397 963 4462 ordinabit
985 4397 1119 4463 eeclesia
1139 4397 1255 4485 gravia
1268 4403 1385 4466 contro

335 4519 449 4584 ipsum.

379 4599 501 4666 Verum
539 4599 774 4686 subsequenter
812 4601 1018 4688 congregatis
1055 4602 1196 4670 ecclesiae
1226 4607 1261 4668 et
1294 4604 1385 4690 prin·
