3609 5800
699 893 879 946 APPENDIX
904 897 941 944 ΙΙ.

763 1065 822 1126 Νο.
837 1067 885 1126 24.

514 1179 585 1242 (not
598 1179 653 1231 Pn
666 1185 698 1231 36
710 1179 777 1230 Hen.
789 1179 953 1243 1H.,memb.
966 1185 982 1231 t
994 1179 1022 1232 in
1034 1181 1131 1246 dorso.)

331 1267 557 1334 sexennium,
578 1275 646 1335 etc..
668 1271 803 1326 sulutem.
1362 1306 1460 1352 mm

331 1351 482 1409 Noveritis
508 1353 586 1424 quod
610 1372 662 1410 nos
687 1359 823 1410 tenemur
851 1352 1010 1410 Guillalmo
1039 1354 1132 1425 priori
1155 1355 1250 1418 Mans,
1278 1354 1349 1410 dim·
1362 1360 1419 1401 1²⁶2
1460 1342 1467 1360 '

260 1485 266 1495 ,
298 1436 373 1491 cesis
399 1435 575 1508 Agonensis‚
604 1436 683 1508 quod
708 1436 907 1492 Raimundum
933 1441 963 1492 et
987 1437 1133 1492 Donatum
1160 1436 1197 1492 de
1225 1421 1519 1516 Pinibusggfiffffll'

296 1520 402 1576 demes
440 1538 517 1586 suos,
553 1519 716 1577 Amaldum
752 1527 782 1577 ct
810 1521 976 1576 Pictavium
1004 1521 1042 1576 de
1075 1521 1199 1578 Finibus
1228 1529 1348 1594 potrucs
1361 1523 1483 1574 priscum

296 1605 399 1676 ipsius,
427 1606 479 1676 qni
508 1604 587 1676 apud
616 1605 826 1676 Burdogaliam
856 1605 934 1676 capti
964 1605 1084 1662 fuerunt
1112 1624 1166 1678 per
1199 1606 1348 1662 Simonem

296 1688 332 1743 da
350 1688 450 1746 Monte
469 1689 551 1745 Forti
578 1690 716 1746 comitem
734 1689 914 1754 Leiccstriae,
934 1695 1002 1760 post
1020 1690 1189 1744 conflictum
1214 1690 1348 1746 habitum

296 1773 405 1829 ibidem
435 1774 512 1830 inter
545 1774 642 1845 ipsum
674 1779 704 1829 et
729 1772 919 1828 Columbincs
953 1790 989 1828 cx
1017 1791 1076 1828 una
1102 1779 1184 1844 parte
1215 1779 1246 1829 et
1275 1774 1348 1830 Ros·

295 1861 396 1914 tanum
414 1855 450 1912 de
470 1855 549 1914 Solio
574 1863 604 1912 et
627 1857 736 1914 amicos
761 1874 829 1912 suos
848 1874 883 1911 cx
907 1856 1009 1922 ultera,
1029 1857 1171 1913 iaciamus
1188 1858 1349 1929 replegiari

298 1941 361 1997 sine
379 1959 470 2008 mora,
490 1959 544 2012 pro
562 1940 665 1997 stando
679 1940 742 2012 juri
760 1959 813 2012 per
832 1941 917 1996 illum
942 1941 991 1995 sel
1009 1940 1077 1996 illos
1095 1959 1183 2013 quem
1206 1947 1258 1997 aut
1276 1960 1349 2013 quos

298 2026 448 2080 mittemus
476 2025 506 2078 in
530 2029 639 2080 terrum
673 2031 803 2080 nostram
838 2024 1011 2088 Wesecniae,
1038 2024 1076 2079 ed
1101 2026 1352 2082 conservationem

296 2111 409 2178 treugae
427 2113 457 2162 et
475 2108 675 2162 executionem
702 2105 896 2161 articulorum
916 2111 1120 2160 contentorum
1139 2107 1170 2160 in
1188 2125 1232 2172 cc,
1261 2125 1350 2177 quam

298 2191 459 2246 deliberato
477 2190 599 2246 consilio
616 2195 716 2245 nostro
735 2189 920 2262 imprisimus
939 2189 1018 2260 apud
1035 2188 1249 2255 windesoram,
1270 2192 1348 2246 inter

298 2279 489 2330 memoratum
508 2275 644 2330 comitem
664 2279 694 2328 et
712 2273 871 2346 complices
891 2273 956 2344 ejus
976 2290 1011 2326 ex
1029 2290 1088 2327 una
1105 2279 1198 2344 perte,
1216 2282 1246 2329 et
1265 2293 1352 2346 quos·

298 2357 366 2414 dam
383 2365 536 2430 magnates
555 2376 588 2414 sc
607 2359 721 2428 aliquos
740 2357 813 2412 alios
832 2356 934 2412 fideles
952 2363 1069 2411 nostros
1089 2356 1126 2410 de
1142 2357 1300 2412 Wasconia
1317 2376 1352 2413 cx

271 2441 398 2507 'altera‚
426 2459 519 2514 usque
549 2442 587 2497 ad
619 2442 715 2513 primo
745 2445 905 2496 venturum
932 2439 1041 2494 festum
1071 2439 1289 2496 Purificationis
1315 2442 1349 2495 B.

296 2525 432 2596 Virginis
457 2525 637 2580 duraturam.
675 2525 715 2580 Et
733 2523 778 2579 illi
797 2525 844 2579 vel
863 2524 935 2588 illis,
956 2540 1044 2594 quam
1062 2523 1111 2578 vel
1129 2541 1203 2594 quos
1223 2525 1260 2580 sd
1278 2543 1351 2595 prm-

298 2610 376 2666 dicts
398 2609 559 2674 mittemus,
585 2609 723 2664 distincte
741 2607 938 2680 precipiendo
961 2606 1144 2672 mandemus,
1171 2608 1251 2678 quod
1276 2627 1351 2680 prae·

298 2694 391 2749 dictos
409 2693 516 2750 fratres
535 2699 566 2748 et
582 2697 702 2764 patruos
714 2693 822 2764 prioris
841 2699 902 2748 tam
920 2691 993 2747 dicti
1010 2690 1158 2763 replegict
1175 2693 1238 2746 sine
1256 2710 1348 2758 mora,

298 2793 351 2850 pro
379 2776 482 2833 stando
505 2777 577 2848 juri,
603 2776 725 2832 idoneo¹
749 2793 838 2847 super
861 2776 918 2831 hoc
942 2776 1077 2830 cautione
1094 2780 1223 2848 recepto.
1261 2777 1349 2834 Teste

299 2879 370 2934 rege
389 2860 467 2933 apud
484 2860 699 2927 windesoram,
719 2860 769 2915 xii.
791 2860 838 2915 die
858 2858 952 2915 Junii.
990 2859 1049 2915 Per
1068 2859 1097 2916 J.
1118 2859 1273 2917 Msunsell.

764 3027 823 3085 Nc.
838 3029 887 3085 25.

513 3132 584 3195 (Rct
598 3132 654 3183 Pat
667 3136 698 3182 36
711 3132 777 3182 Heu.
790 3132 849 3194 ΠΙ.,
860 3134 950 3183 memte
964 3137 979 3182 6
990 3132 1016 3183 in
1029 3133 1125 3197 dorso.)

333 3222 395 3277 Rex
414 3222 557 3286 omnibus,
579 3228 646 3286 etc,
667 3221 802 3277 salutem.
1360 3238 1464 3288 suamc.

332 3306 479 3362 Mittimus
498 3306 529 3360 in
540 3304 727 3361 Wasccniam
745 3304 920 3359 Rccelinum
939 3305 975 3361 da
994 3304 1061 3369 Fon,
1075 3306 1252 3377 magistrum
1269 3309 1348 3364 mili·
1359 3292 1418 3397 ἔξω·

297 3391 345 3445 tim
364 3390 480 3461 Templi
504 3390 535 3443 in
559 3388 679 3460 Anglis,
701 3396 731 3443 et
753 3388 932 3443 Nichclsum
957 3388 993 3443 dc
1010 3388 1110 3455 Molis,
1136 3393 1346 3448 constituentes
1360 3366 1515 3467 nrffaemoe

297 3474 415 3529 cosdem
428 3474 482 3528 sub
496 3474 688 3527 alternatione
701 3476 921 3527 conservatores
933 3477 1108 3543 treugarum
1127 3491 1199 3543 quas
1210 3476 1346 3532 volumus
1359 3456 1490 3508 mmmm

297 3576 361 3613 esse
380 3560 458 3612 inter
477 3554 626 3612 Simonem
644 3556 680 3610 de
698 3555 798 3610 Monte
812 3555 895 3611 Forti
908 3556 1045 3610 comitem
1057 3556 1236 3622 Lcicestriae,
1249 3560 1347 3615 locum

296 3648 431 3697 nostrum
449 3641 480 3695 in
498 3640 654 3697 Wssccnia
672 3644 830 3703 tenentem,
852 3643 882 3692 et
897 3639 965 3694 illos
984 3638 1020 3692 dc
1038 3645 1121 3713 porte
1141 3660 1203 3706 sua,
1223 3649 1254 3698 et
1270 3644 1348 3699 inter

297 3725 457 3781 Gastcnem
475 3723 678 3779 vicecomitem
696 3722 903 3787 Bearnensem‚
918 3722 1104 3779 Amanevum
1121 3724 1158 3779 de
1170 3726 1304 3793 Lebreto,
1320 3732 1349 3781 et

295 3810 382 3865 villas
410 3806 445 3863 de
474 3807 591 3879 Regula
616 3812 646 3861 et
663 3804 784 3871 vocato,
805 3812 835 3861 et
858 3824 958 3861 omncs
986 3806 1061 3863 alios
1085 3807 1121 3863 de
1145 3814 1225 3865 terra
1248 3818 1348 3866 nostra

298 3892 462 3949 Wssoonise
489 3891 540 3962 qui
559 3890 595 3944 de
619 3890 683 3961 ipso
708 3890 814 3944 comite
839 3890 886 3945 vel
912 3890 974 3945 suis
999 3891 1211 3962 querimoniam
1228 3893 1345 3959 habent,

297 3981 327 4031 et
357 3975 462 4030 volunt
486 3991 551 4028 esse
581 3972 660 4027 infra
690 3977 827 4043 treugam
857 3990 952 4045 usque
983 3973 1021 4028 od
1045 3973 1283 4029 Purificsticnem
1309 3977 1344 4030 B.

295 4059 398 4114 Mariae
418 4058 551 4132 proximo
569 4062 734 4119 venturam,
753 4056 916 4111 secundum
934 4056 1060 4111 formam
1076 4057 1230 4112 literarum
1248 4064 1347 4129 paten-

295 4145 370 4198 tium
389 4158 461 4213 quas
481 4140 548 4195 inde
567 4139 675 4194 habent
695 4139 749 4193 sub
767 4140 867 4209 sigillo
884 4145 1001 4195 nostro:
1022 4141 1064 4194 ita
1082 4141 1160 4212 quod
1174 4142 1233 4213 ipsi
1251 4143 1345 4209 umbo,

295 4227 343 4283 vel
362 4242 463 4281 eorum
482 4225 557 4279 alter
575 4240 662 4294 super
682 4222 815 4279 omnibus
834 4224 1056 4295 quaesticnibus‚
1075 4224 1346 4297 interceptionibus,

296 4310 402 4374 causis,
429 4314 459 4363 ct
483 4308 693 4370 occasionibus,
720 4312 821 4361 contra
855 4308 979 4362 sormam
1003 4307 1150 4364 dictarum
1174 4316 1347 4381 treugarum

295 4395 367 4449 ortis
387 4400 417 4448 et
435 4392 576 4455 oriundis.
597 4396 627 4446 et
645 4392 734 4445 etiam
753 4408 842 4462 super
861 4392 1096 4463 quibuscumque
1121 4392 1186 4448 aliis
1211 4395 1345 4450 articulis

294 4484 415 4547 treugas
434 4475 501 4531 illus
523 4474 771 4545 contingentibus,
793 4475 870 4529 inter
891 4474 1047 4545 praedictos
1067 4476 1204 4530 comitem
1229 4484 1259 4531 et
1276 4496 1345 4534 suos

295 4582 331 4619 ex
347 4579 406 4617 une
429 4566 522 4633 porte,
549 4566 579 4615 et
601 4577 702 4615 omnes
731 4558 863 4616 aliosde
887 4566 969 4615 terro
992 4566 1093 4615 nostra
1111 4560 1274 4616 Wesconiae
1293 4566 1344 4633 qui

673 4797 679 4825 ¹
699 4794 794 4860 eloneo]
815 4796 897 4855 idone,
910 4794 968 4845 MS.
