3609 5800
432 908 679 961 rmusrnsrrvn
702 910 745 959 or
768 910 838 959 rue
859 910 966 959 uerus
989 910 1033 959 or
1055 910 1176 961 unusr
1201 912 1250 961 111.
1305 898 1369 961 249

787 1220 909 1287 Dcvl.

615 1380 692 1446 Tne
714 1396 804 1445 seue
826 1397 870 1445 ro
892 1396 963 1445 run
986 1396 1085 1447 surm.

661 1520 758 1587 (Royel
769 1519 876 1581 Iaeuers
888 1520 937 1571 No.
954 1522 1022 1585 123.)

366 1640 543 1729 Magnifice
565 1639 708 1728 principi
731 1638 914 1727 H[enrico],
939 1638 1003 1705 Dei
1023 1640 1132 1727 gretie
1155 1639 1277 1706 illustri
1300 1642 1370 1728 regi
1384 1658 1447 1722 tuly
1461 1664 1484 1721 o,

320 1746 460 1833 Angfise,
476 1744 610 1811 domino
635 1742 816 1821 Hiberniae,
841 1750 875 1807 et
899 1740 976 1806 duci
998 1743 1222 1829 Aquitenniae,
1245 1743 1370 1831 R[ieur-
1388 1730 1458 1775 ¹²⁵³·

321 1848 406 1933 dus],
428 1846 543 1913 eedem
565 1845 676 1933 gretie
698 1844 925 1909 Romanorum
947 1864 1015 1924 rex,
1040 1866 1167 1931 semper
1189 1846 1369 1931 Augustus,

320 1952 461 2017 salutem
483 1955 519 2014 et
541 1948 675 2013 sincerae
699 1946 884 2011 dilectionis
907 1967 1034 2033 semper
1056 1953 1279 2033 augmentum.

365 2052 544 2119 Serenitati
566 2056 685 2116 vesties
708 2048 844 2114 dilectos
870 2053 1001 2115 nostros
1015 2048 1151 2115 fratrem
1169 2048 1370 2115 Willelmum
1386 2064 1482 2117 Attene
1494 2074 1520 2117 to

321 2157 363 2223 de
384 2154 533 2221 Wolvelo
560 2153 600 2219 de
631 2152 746 2218 ordine
768 2150 900 2217 Sanctae
923 2151 1096 2217 Trinitatis
1127 2152 1370 2217 thesaurarium
1384 2132 1539 2252 affigi„

319 2264 469 2324 nostrum
492 2262 527 2321 et
548 2254 743 2322 Michaelem
773 2254 815 2321 de
846 2254 1079 2341 Norhemmon
1113 2254 1264 2321 clericum
1296 2278 1369 2321 nos·
1383 2268 1521 2318 communi-

319 2369 409 2428 trum
438 2381 513 2426 cum
546 2355 763 2445 praesentibus
797 2355 952 2421 duximus
984 2356 1287 2439 transmittendum,
1317 2380 1368 2423 ro·
1383 2338 1446 2383 ΜΘ·

319 2469 437 2551 gentes
459 2468 624 2550 quatenns
653 2482 750 2547 super
779 2458 832 2524 his
858 2480 933 2546 quae
956 2458 1161 2525 excellentiae
1185 2464 1303 2525 vestrse
1326 2482 1369 2527 ex

319 2572 414 2654 parte
443 2570 558 2631 nostra
587 2564 675 2629 viuae
706 2561 796 2627 vocis
830 2560 960 2627 oraculo
990 2560 1168 2627 retulerint
1189 2561 1289 2627 fidem
1322 2562 1368 2629 eis

321 2668 477 2734 adhibere
497 2665 611 2732 velitis
633 2663 866 2731 indubitatem.

364 2772 490 2836 Datum
521 2767 782 2845 Berohcmstede,
816 2771 934 2832 octavo
972 2766 1026 2831 die
1060 2766 1153 2846 dolii,
1188 2766 1369 2835 indictione

320 2880 422 2956 sexte,
445 2872 538 2960 regni
559 2870 667 2937 nostri
689 2891 777 2936 anno
799 2870 948 2957 septimo.

363 2975 537 3044 ludorscd.
584 2973 714 3040 Illustri
736 2973 806 3061 regi
828 2973 958 3060 Anglise
980 2973 1074 3037 fratri
1098 2979 1219 3038 nostro.

766 3366 906 3433 DOV11.

369 3520 498 3584 Hnunr
528 3515 592 3582 ΙΙΙ.
624 3532 668 3581 ro
698 3513 812 3580 Sinon
843 3531 891 3580 ns
921 3515 1120 3593 Mosrronr
1152 3516 1250 3582 Esse
1280 3535 1324 3584 or

743 3617 943 3683 mersrm„

518 3754 590 3816 (uos
603 3751 686 3804 cum.
699 3754 730 3802 47
742 3750 809 3802 Hen.
820 3751 879 3812 ΠΙ.,
889 3752 982 3802 memb.
994 3757 1010 3802 ³
1022 3751 1049 3802 in
1061 3753 1156 3818 dorso.)

365 3867 439 3932 Rex
460 3863 589 3931 Simoni
611 3863 653 3929 de
684 3863 800 3928 Monte
826 3861 923 3930 Forti
952 3862 1065 3930 comiti
1092 3865 1295 3952 leycestriae,
1317 3887 1366 3930 se—
1381 3877 1448 3942 Sepu
1463 3884 1501 3942 re,

319 3969 431 4037 putem
1381 3949 1452 3996 1263.

364 4071 448 4136 Cum
470 4070 650 4136 habeamus
672 4068 822 4154 quaedum
853 4069 957 4135 ardue
978 4069 1112 4156 negotis
1137 4091 1211 4135 oum
1234 4071 1528 4198 dominotreeltusat

1403 4165 1436 4198 ou
1446 4165 1510 4201 ome

317 4196 394 4261 rege
416 4173 564 4240 Franciae
586 4172 770 4252 tractando,
792 4193 853 4259 pro
875 4171 995 4259 quibus
1017 4173 1060 4237 ad
1082 4172 1191 4258 ipsum
1216 4149 1534 4268 ειοοεεάθινθἓπῑῂξῶΒΜ

318 4277 539 4363 proponimus,
561 4297 635 4362 quae
658 4275 730 4341 sine
751 4275 929 4362 prsesentis
950 4280 1061 4340 vestre
1082 4275 1253 4356 nollemus,
1281 4277 1367 4342 sicut
1379 4283 1523 4414 ffiiffi

319 4400 379 4444 nec
409 4378 546 4454 deceret,
579 4377 745 4464 expediri;
775 4398 835 4442 vos
866 4381 996 4444 attente
1026 4377 1222 4464 requirimus
1256 4383 1291 4444 et
1317 4401 1364 4443 ro·
1378 4431 1404 4464 m
1456 4433 1482 4466 rs

319 4503 435 4569 gamus
467 4484 631 4567 quatenus
662 4479 724 4544 hoe
760 4479 902 4544 instanti
933 4479 987 4545 die
1019 4479 1193 4545 Dominica
1214 4480 1494 4566 proximariththe

318 4589 397 4649 unte
418 4584 539 4650 festum
562 4581 595 4649 S.
618 4581 789 4648 Michaelis
810 4583 855 4648 ed
876 4582 983 4669 ipsum
1014 4604 1124 4668 regem
1146 4582 1236 4669 apud
1258 4583 1366 4649 Bono-
1379 4550 1485 4670 iffi

318 4687 409 4752 niam
430 4685 600 4752 nobiscnm
614 4685 798 4766 intersitis3
821 4688 855 4750 et
869 4685 931 4750 hoo
945 4684 1031 4750 siout
1046 4685 1201 4750 honorem
1216 4692 1366 4752 nostrum

230 4785 235 4794 ’
319 4795 355 4856 et
376 4794 525 4856 vestrum
547 4787 689 4875 diligitis
711 4787 898 4854 nullatenus
921 4787 1093 4854 omittetis.
