3609 5800
226 1983 238 1990 -
296 1962 378 2005 ments
389 1955 428 2006 sor

466 905 530 968 356
611 917 725 968 notun
748 915 822 968 sun
846 917 963 967 crana
987 915 1195 966 mammem
1218 915 1376 964 ammas,

855 1188 1020 1255 COOXH.
1037 1187 1125 1275 (bis.)

463 1303 575 1369 Sinos
600 1319 646 1368 na
670 1302 811 1368 Ssrnmz
836 1318 879 1368 ro
909 1301 1041 1378 Renes,
1066 1300 1199 1364 anor
1224 1315 1269 1364 or
1292 1299 1520 1365 Omcsnsrnn

818 1421 891 1469 sun
914 1402 1160 1470 Ounucsmon

805 1513 905 1580 (Roysl
916 1513 1020 1574 necem
1032 1513 1082 1564 No.
1095 1512 1167 1576 670.)

507 1603 650 1672 Domino
672 1625 731 1669 suo
746 1604 899 1682 salutem,
917 1609 952 1670 ct
974 1611 1045 1670 tam
1068 1603 1224 1669 devotam
1247 1623 1346 1687 quam
1369 1600 1518 1666 debitam

295 1679 379 1790 {gii
461 1710 498 1774 in
520 1708 674 1774 omnibus
697 1707 945 1793 subjectionem.

294 1823 367 1872 livill
375 1821 450 1873 make
507 1808 558 1874 De
596 1809 737 1895 singulis
783 1830 857 1894 qusc
893 1808 932 1873 in
976 1808 1168 1894 episcopatu
1216 1809 1329 1872 vestro
1375 1803 1520 1870 inveniri

295 1904 413 1954 ⁰'¹³¹¹⁸⁰‘
461 1916 595 1999 possent
630 1915 664 1976 et
694 1913 730 1976 in
764 1932 837 1976 mec
867 1910 993 1976 fuerint
1023 1910 1171 1975 entonis
1200 1929 1259 1996 per
1288 1908 1432 1995 gratiam
1455 1907 1520 1971 Dei

295 2036 361 2100 γους
461 2013 561 2080 talcm
592 2012 712 2078 faciam
744 2013 965 2098 provisionem
996 2012 1038 2078 od
1071 2012 1251 2078 terminum
1274 2010 1401 2074 mihis
1422 2008 1518 2074 vobis

296 2103 407 2154 ΜΕ·
462 2116 643 2204 praefixum,
668 2115 756 2202 quod
780 2135 838 2180 voe
870 2137 977 2201 neque
999 2114 1103 2180 vestri
1125 2115 1162 2178 in
1184 2115 1247 2179 hac
1269 2119 1363 2200 parte
1385 2127 1450 2200 per*
1466 2113 1518 2176 in·

462 2219 586 2286 curium
608 2219 662 2285 vel
685 2219 924 2306 negligentiam
946 2240 1054 2284 meam
1077 2217 1205 2304 aliquid
1239 2219 1282 2283 ad
1311 2217 1519 2282 commodum

463 2328 497 2388 et
530 2321 688 2388 honorem
711 2325 860 2387 vestrum
883 2320 978 2387 vobis
1009 2320 1146 2387 deficere
1176 2319 1375 2386 invenietis:
1399 2319 1468 2398 hoc,
1491 2321 1520 2383 si

461 2425 578 2511 placet,
601 2447 622 2489 n
652 2423 809 2490 momoria
839 2426 951 2489 vestra
976 2426 1011 2487 ct
1036 2427 1223 2488 vostrorum
1246 2444 1314 2488 non
1338 2420 1520 2487 decidendo

462 2527 550 2612 quod
573 2526 654 2590 vina
687 2547 744 2608 per
774 2525 939 2591 auxilium
971 2529 1008 2590 et
1039 2525 1261 2612 provisionem
1285 2530 1430 2590 vestrum
1461 2544 1521 2609 per

461 2629 550 2694 vium
576 2629 785 2715 episcopatus
808 2627 914 2692 vestri
937 2627 1052 2692 venire
1075 2631 1226 2714 oporteat
1258 2632 1375 2692 contra
1397 2625 1521 2691 adven·

460 2736 514 2796 tus
539 2735 674 2808 vestros,
699 2735 738 2794 et.
756 2729 833 2795 licet
849 2728 996 2794 brasium
1018 2751 1077 2815 per
1098 2729 1230 2814 singula
1247 2727 1395 2793 maneria
1409 2732 1521 2792 vestra

460 2832 504 2896 ad
537 2831 767 2896 sufficientiam
801 2830 968 2896 habebitis
1001 2853 1059 2917 per
1088 2852 1224 2911 annum,
1259 2853 1303 2896 ex
1335 2831 1404 2917 ipso
1434 2828 1518 2920 nihil

461 2934 580 3000 facicm
612 2934 728 3000 molire
758 2934 812 3000 vel
846 2934 994 2999 braciano
1017 2933 1121 2999 donec
1155 2933 1246 2999 aliud
1269 2956 1290 2999 a
1312 2932 1407 2999 vobis
1433 2953 1520 2998 rece-

460 3037 565 3125 perim
588 3037 793 3115 mandatum,
817 3042 953 3124 propter
981 3035 1136 3102 fortuitos
1159 3042 1305 3103 eventus.
1353 3035 1399 3100 Et
1420 3056 1520 3121 super

460 3139 512 3203 his
534 3143 568 3205 et
591 3139 664 3204 aliis
686 3138 772 3204 circa
795 3138 939 3204 mediam
963 3135 1309 3226 Quadragesimam,si
1331 3138 1427 3203 vobis
1449 3138 1519 3224 pla-

460 3244 548 3306 ceret
578 3246 612 3307 ct
636 3232 708 3305 deri
739 3244 857 3328 posset,
888 3240 1089 3326 colloquium
1119 3246 1155 3305 et
1187 3242 1367 3306 tractatum
1399 3239 1520 3305 habero
1616 3304 1619 3308 ,

292 3365 383 3418 leave
460 3344 685 3409 desiderarem.
731 3341 784 3408 De
805 3342 1002 3408 infirmitate
1025 3364 1107 3420 mea,
1124 3364 1198 3428 quae
1220 3343 1334 3429 gmvis
1356 3342 1432 3419 fuit,
1445 3364 1520 3429 gra·

291 3436 425 3568 fflffyd
460 3446 508 3513 tia
531 3446 596 3511 Dei
618 3445 713 3532 plene
730 3444 890 3523 convalui,
905 3445 1031 3532 gratias
1046 3445 1141 3511 vobis
1155 3444 1354 3532 multiplices
1368 3444 1520 3524 referens,

292 3564 385 3619 inum.
460 3547 550 3633 quod
571 3548 612 3613 dc
636 3548 897 3614 convalescentia
929 3569 1004 3613 mea
1033 3548 1173 3625 scirelct
1194 3543 1310 3614 audire
1331 3547 1427 3613 vobis
1448 3546 1519 3633 plu-

461 3651 538 3727 cuit,
576 3650 748 3716 humiliter
785 3650 993 3737 suscipiendo
1031 3671 1115 3716 onus
1153 3650 1353 3716 senescalliae
1392 3655 1519 3727 vestrm,

461 3752 564 3817 donec
590 3752 716 3826 ,melius
748 3752 844 3818 vobis
874 3752 1098 3839 provideritis,
1134 3752 1259 3818 scilicet
1295 3753 1331 3817 in
1369 3751 1519 3818 adventu

460 3859 571 3923 vestro
595 3856 632 3921 in
654 3858 764 3943 partes
787 3854 962 3921 Susscxiae.

292 3970 451 4022 Thestoris
505 3958 560 4025 Ad
592 3958 661 4036 hoc,
687 3957 827 4038 domine,
854 3958 966 4023 sciatis
990 3957 1078 4043 quod
1108 3957 1244 4023 nomino
1266 3956 1410 4021 militum
1437 3962 1518 4021 sient

292 4036 424 4089 ossonex
462 4060 621 4127 Ricardus
644 4059 756 4139 Luvel,
774 4058 916 4125 Thomas
937 4060 979 4124 dc
995 4061 1183 4146 Argentun,
1198 4058 1289 4124 inter
1312 4079 1394 4145 qnos
1409 4057 1519 4123 diviso

291 4104 308 4151 n

291 4112 436 4223 oiii'iihat
460 4162 576 4229 debuit
609 4164 682 4228 fieri
705 4185 747 4227 ex
781 4184 849 4227 una
879 4166 974 4248 parte
1008 4166 1043 4227 et
1069 4182 1129 4227 vos
1159 4183 1201 4227 ex
1224 4161 1290 4225 clia
1311 4161 1347 4224 in
1370 4162 1517 4226 manerio

291 4236 391 4353 ffiffieffl'
460 4270 570 4332 vestro
593 4264 634 4331 do
657 4263 889 4350 Aldingeburn
913 4268 947 4329 et
978 4264 1164 4328 manerium
1189 4263 1323 4328 illorum
1347 4262 1388 4327 de
1412 4262 1518 4327 Ham·

460 4371 605 4447 tonette;
629 4371 664 4432 et
687 4366 771 4431 nihil
794 4365 902 4431 adhuc
925 4369 1037 4431 actum
1061 4371 1120 4442 est,
1137 4388 1198 4431 nec
1220 4366 1322 4431 etiam
1338 4366 1517 4431 vicecomes

460 4470 622 4534 Sussexire
661 4469 697 4532 in
742 4468 854 4554 aliquo
892 4468 973 4531 mihi
1013 4466 1171 4533 satisfecit
1208 4468 1293 4533 sicut
1338 4467 1517 4533 Londoniae

458 4572 555 4637 nobis
593 4570 754 4659 promisit,
786 4592 859 4635 cum
898 4576 966 4636 tres
999 4570 1069 4635 dies
1107 4570 1149 4633 ad
1188 4570 1223 4634 id
1257 4569 1444 4634 faciendum
1484 4571 1515 4633 ei

458 4674 582 4740 fuerint
596 4674 716 4740 statuti
739 4722 870 4740 .....
884 4670 891 4708 ¹

462 4800 700 4809 -————-.—..--.-
1176 4796 1510 4804 ————-—-—----.--,

858 4846 864 4875 ¹
881 4798 1122 4902 Doubffi-bisi
