3609 5800
706 923 885 972 uernrnrx
909 923 944 972 11.
1288 907 1353 976 387

301 1111 447 1150 summam
465 1095 590 1151 duorum
608 1097 736 1153 millium
753 1115 927 1163 marcarum,
947 1099 991 1154 ita
1009 1097 1086 1170 quod
1107 1097 1144 1151 de
1163 1097 1288 1169 pecunia
1301 1096 1355 1151 illa

299 1179 383 1236 nobis
400 1180 576 1253 respondeat
597 1181 634 1236 ad
651 1182 867 1254 beneplacitum
891 1189 1034 1238 nostrum.
1078 1181 1118 1237 Et
1135 1181 1162 1236 si
1179 1183 1255 1236 sorte
1277 1179 1351 1235 nihil

299 1263 335 1318 eb
348 1265 391 1320 eis
403 1282 456 1337 per
473 1265 527 1320 hes
545 1265 646 1322 literas
665 1271 780 1322 nostras
799 1267 946 1338 acceperit
961 1267 1036 1322 citra
1053 1265 1163 1320 festum
1179 1264 1353 1320 Nativitetis

299 1346 470 1414 Dominicae,
491 1367 565 1404 anno
589 1351 675 1421 regni
700 1351 793 1406 nostri
817 1351 968 1407 tricesimo
985 1349 1118 1422 septimo,
1138 1355 1209 1404 tnnc
1227 1348 1265 1403 ad
1282 1366 1352 1404 euu-

299 1429 366 1485 dem
383 1432 543 1488 terminum
566 1433 645 1490 idem
670 1451 766 1490 comes
790 1441 951 1506 praesentes
972 1435 1075 1490 literae
1094 1435 1178 1490 nobis
1200 1439 1251 1488 aut
1268 1433 1351 1488 here·

299 1513 385 1570 dibus
397 1517 505 1572 nostris
518 1518 637 1574 restitui
655 1519 752 1575 saciet.
791 1519 878 1574 Teste
895 1525 931 1575 ut
948 1537 1047 1591 supra,
1066 1537 1120 1590 per
1137 1536 1239 1591 regem
1259 1516 1350 1590 [apud

298 1596 600 1668 westmonasterium,
621 1602 734 1659 decimo
752 1620 827 1658 nouo
845 1603 893 1658 die
911 1601 1037 1673 Martii}

760 1802 819 1862 No.
837 1801 883 1862 17.

497 1927 784 1994 (scemurense
797 1927 1149 1992 numentanae)

334 2017 396 2074 Rex
414 2021 558 2086 omnibus,
579 2027 646 2088 ete,
667 2021 802 2078 sulutem.
1361 2000 1484 2096 fflhw·

335 2101 442 2160 Sciatis
468 2105 546 2175 quod
570 2106 707 2162 volumus
726 2111 756 2161 et
774 2105 960 2162 concedimus
979 2106 1058 2177 quod
1077 2104 1178 2160 Simon
1194 2103 1231 2160 de
1248 2105 1348 2160 Monte
1360 2123 1453 2171 similar

299 2183 391 2254 Porti,
420 2205 517 2244 comes
542 2189 720 2256 Leieestriee,
748 2189 873 2262 recipiet
891 2189 928 2244 de
955 2188 1138 2245 debitoribus
1167 2189 1276 2246 nostrie
1300 2185 1455 2244 velumm

298 2271 364 2326 aliis
391 2273 442 2343 qui
467 2274 622 2344 pecuniam
648 2289 863 2345 quamcumque
888 2273 998 2329 habent
1022 2274 1055 2328 in
1072 2291 1131 2345 qua
1153 2275 1203 2344 jus
1229 2273 1348 2345 aliquod

298 2356 459 2426 poterimus
485 2355 602 2423 habere,
629 2359 807 2430 ubicumque
828 2359 888 2414 sint
912 2359 944 2412 in
970 2359 1103 2429 partibus
1133 2359 1345 2421 transmarinis,

297 2456 391 2510 usque
416 2441 453 2494 ed
476 2441 535 2497 duo
553 2441 649 2497 millia
671 2459 847 2508 marcorum,
872 2447 902 2497 et
919 2443 974 2497 hoc
992 2443 1024 2497 in
1042 2459 1101 2496 una
1118 2460 1234 2497 summa
1250 2441 1299 2496 vel
1316 2441 1348 2495 in

298 2523 424 2579 diversis
443 2525 604 2581 secundum
624 2527 703 2597 quod
713 2526 884 2598 hujusmodi
897 2526 996 2582 debita
1013 2527 1061 2580 vel
1078 2526 1204 2599 pecunia
1220 2525 1349 2597 poterint

297 2605 439 2674 iuveniri;
460 2615 490 2665 et
506 2629 559 2666 nos
571 2610 741 2682 hujusmodi
753 2617 901 2682 receptam
913 2616 1008 2665 retem
1025 2616 1056 2666 et
1073 2611 1187 2665 firmam
1204 2611 1348 2665 habemus

298 2708 331 2745 ac
351 2691 377 2746 si
395 2709 447 2748 nos
467 2709 502 2748 eo
519 2695 733 2766 reciperemus:
755 2696 798 2750 ita
816 2694 895 2766 quod
920 2695 1017 2750 dictus
1044 2712 1141 2750 comes
1159 2694 1243 2750 nobis
1262 2695 1347 2750 satis·

298 2774 388 2830 faciet
405 2775 442 2831 ad
466 2777 681 2852 beneplacitum
700 2785 833 2835 nostrum
847 2779 883 2833 de
896 2778 1021 2850 pecunie
1039 2797 1127 2850 quam
1145 2780 1181 2834 ab
1200 2780 1243 2834 eis
1267 2796 1346 2833 recc-

296 2859 383 2931 perit.
421 2859 459 2916 Iu
476 2862 570 2933 cujus,
591 2868 646 2919 etc.
685 2863 772 2919 Teste
791 2869 825 2920 ut
844 2881 933 2935 supro
953 2861 1036 2934 [rege
1054 2863 1133 2935 apud
1150 2863 1349 2919 westmonas-

296 2946 413 3009 terium,
438 2946 578 3003 vicesimo
606 2948 654 3003 dic
681 2948 808 3017 Martii]
847 2948 887 3003 Et
904 2948 1040 3003 dominus
1064 2965 1117 3002 rex
1139 2947 1229 3003 habet
1245 2947 1347 3002 literae

295 3027 389 3099 ipsius
408 3031 523 3087 comitis
542 3048 630 3103 super
649 3032 761 3099 eodem,
783 3050 848 3105 quae
867 3032 985 3088 suntin
1002 3032 1186 3104 garderoba.¹

761 3151 821 3211 No.
839 3152 886 3211 18.

577 3276 648 3339 (Rot.
660 3275 716 3327 Pet
728 3281 760 3326 86
772 3276 838 3327 Heu.
850 3274 909 3338 111„
920 3275 1011 3327 memb.
1025 3278 1062 3340 7.)

331 3387 395 3443 Rex
412 3388 556 3455 omnibus,
577 3394 645 3455 etc,
665 3388 800 3446 salutem.

331 3470 407 3527 (lum
430 3470 565 3539 barones,
591 3472 680 3537 cives,
711 3478 740 3527 et
768 3470 910 3543 quosdam
936 3470 1009 3527 alios
1028 3474 1181 3543 magnetes
1205 3469 1242 3525 de
1266 3468 1451 3527 terraneo,

294 3560 394 3611 nostre
405 3554 568 3613 Wascouiae
587 3556 704 3613 evocari
722 3556 879 3611 fecerimus
898 3572 997 3611 coram
1013 3555 1098 3610 nobis
1116 3554 1148 3609 in
1165 3554 1276 3625 Anglia
1293 3573 1346 3627 pro
1358 3531 1441 3625 {3¹21
1488 3594 1515 3627 ω

294 3638 495 3695 melioratione
514 3645 608 3696 status
627 3638 760 3711 ejusdem
777 3645 865 3696 terrae
890 3645 1008 3705 nostrae‚
1027 3656 1095 3694 cum
1123 3638 1230 3710 quibus
1258 3657 1346 3711 super
1357 3632 1462 3677 between
1473 3632 1516 3677 ‘¹¹⁰

294 3723 421 3796 negotiis
440 3724 572 3796 ejusdem
590 3730 677 3780 terrae
701 3724 865 3797 longiorem
889 3728 1049 3779 tractatum
1067 3740 1157 3795 quam
1174 3722 1347 3779 credebatur
1360 3684 1515 3778 gqqofflqqd

293 3805 462 3873 habeamus,
488 3807 619 3865 nolentes
644 3808 722 3881 quod
740 3827 841 3863 eorum
860 3806 1002 3863 adventus
1021 3812 1051 3862 et
1068 3808 1226 3879 presentia
1251 3808 1348 3862 nobis·
1359 3785 1414 3827 ¹⁰¹⁴·

295 3909 362 3947 cum
386 3892 488 3948 habita
504 3892 578 3964 ipsis
605 3899 636 3948 et
662 3894 765 3949 amieis
784 3911 886 3948 eorum
912 3893 952 3948 sit
976 3892 1124 3957 damnosa,
1154 3908 1255 3946 eorum
1280 3907 1346 3945 con-

293 3975 415 4032 ductum
432 3976 465 4031 in
481 3976 577 4033 literis
600 3978 709 4033 nostris
727 3982 899 4049 conceptum
918 3981 949 4031 et
965 3982 1086 4049 treugas
1105 3975 1183 4047 apud
1201 3974 1347 4045 Regulam

293 4066 392 4131 captas
420 4060 497 4115 inter
523 4059 707 4117 Willelmum
732 4058 884 4131 Pigorelli‚
905 4065 1057 4131 gerentem
1083 4058 1163 4114 vices
1188 4057 1289 4114 dilecti
1317 4063 1347 4113 et

293 4142 388 4200 fidelis
405 4144 499 4201 noemi
518 4142 646 4201 Simonis
659 4144 694 4200 de
707 4144 808 4199 Monte
820 4142 912 4209 Porti,
926 4141 1041 4199 comitis
1054 4140 1234 4207 Leicestriae,
1249 4158 1345 4198 senes-

293 4227 361 4283 calli
378 4228 472 4285 ncstri
489 4227 662 4295 Wascouiae,
677 4247 711 4284 ex
730 4247 789 4284 una
805 4234 898 4300 parte,
919 4232 949 4282 et
967 4226 1126 4282 (lantonem
1143 4225 1346 4281 vicecomitem

292 4311 482 4379 Bemensem‚
501 4310 685 4369 Amauevum
704 4312 740 4367 de
758 4313 802 4367 Le
819 4312 930 4376 Brettc‚
951 4316 981 4365 et
997 4310 1115 4365 villatas
1133 4309 1170 4364 de
1187 4308 1298 4365 Veneto
1316 4317 1347 4366 et

294 4395 330 4451 de
348 4396 474 4468 Regula,
495 4415 548 4470 pro
573 4416 605 4453 ee
624 4403 653 4454 et
671 4396 845 4453 valituribus
865 4396 926 4451 suis
945 4412 981 4449 ex
999 4394 1100 4460 altera,
1119 4395 1152 4448 in
1167 4394 1261 4449 forme
1278 4393 1345 4449 inde

293 4479 370 4535 inter
397 4498 446 4536 eos
473 4480 505 4536 in
531 4481 649 4552 scriptis
675 4480 802 4545 redacta,
823 4496 917 4551 nsque
945 4476 1109 4534 adfectum
1125 4478 1345 4548 Assumptiouis

292 4564 385 4621 beatae
406 4564 509 4621 Mariae
521 4565 654 4637 proximo
665 4570 821 4622 venturum
834 4580 1036 4636 prorogamus.
1068 4561 1108 4617 ut
1118 4561 1254 4618 volumus
1267 4561 1346 4633 quod

292 4684 532 4693 -.--.--..-
540 4688 594 4693 --..-
679 4689 682 4692 i
762 4688 784 4691 -
797 4688 815 4691 -.
850 4684 935 4689 —-.-
1020 4686 1058 4689 -.-,
1084 4685 1089 4687 -
1121 4684 1168 4689 -
1203 4684 1254 4689 ⁷„—
1267 4685 1272 4688 .

325 4746 415 4797 ¹This
434 4754 508 4813 eutry
527 4746 573 4799 has
595 4746 638 4798 the
660 4747 791 4813 following
840 4745 894 4810 regi
917 4745 1002 4795 literas
1030 4760 1088 4795 suae
1110 4752 1135 4795 et
1156 4744 1273 4795 domiuus
1296 4760 1343 4796 rex

290 4826 415 4892 marginal
426 4833 494 4877 note:
513 4826 564 4877 Pro
584 4826 675 4879 comite
690 4826 789 4877 Leices-
842 4824 928 4875 comiti
939 4823 1025 4875 literas
1041 4823 1155 4887 predicti
1169 4822 1331 4889 comitisque

288 4904 352 4958 trite.
386 4906 792 4958 Poeteereddiditcomesdomino
842 4904 1249 5037 indehabuitingardBerogaiue.
