3609 5800
457 859 499 921 82
606 868 720 919 norst
743 868 816 918 nun
840 870 956 919 ornas
979 866 1183 919 srsrorrcnn
1205 868 1352 919 tunnas

457 1060 500 1125 ad
522 1080 582 1125 nos
604 1056 827 1137 revertamini,
851 1077 893 1123 ne
917 1057 945 1121 si
968 1078 1060 1122 secus
1082 1056 1216 1143 egeritis
1237 1057 1335 1123 nobis
1357 1062 1391 1123 et
1408 1062 1510 1124 terrae

457 1166 579 1229 nostrae
601 1162 782 1249 periculum
811 1160 991 1239 immineat,
1015 1164 1051 1226 et
1079 1160 1174 1225 vobis
1204 1160 1360 1225 domnum
1382 1160 1509 1249 gravis-

458 1266 578 1331 simum
600 1269 634 1331 et
656 1264 742 1330 forte
764 1262 1025 1351 irrecuperabile,
1049 1264 1138 1350 quod
1166 1263 1257 1329 Deus
1279 1268 1418 1330 avertat.
1464 1264 1510 1329 Et

459 1369 622 1435 credimus
657 1367 745 1455 quod
775 1372 894 1455 treuga
919 1366 990 1452 jam
1016 1367 1105 1432 inita
1133 1366 1394 1455 interrumpetur
1415 1368 1444 1432 si
1466 1368 1509 1432 ad

457 1478 568 1560 partes
590 1471 665 1537 illas
688 1471 828 1537 ulterius
849 1469 1055 1557 procedatis3
1084 1474 1120 1535 et
1149 1492 1303 1558 rogamus
1325 1471 1415 1558 quod
1437 1470 1511 1535 sitis

457 1574 629 1641 nobiseum
652 1574 690 1638 in
713 1574 775 1639 hac
797 1572 1007 1639 solemnitate
1030 1572 1189 1639 Paschnli.
1225 1574 1322 1641 Teste
1345 1578 1510 1661 utsupra

458 1678 563 1765 [Rege
612 1678 699 1764 apud
737 1676 1078 1755 westmonasterium,
1115 1677 1271 1743 vicesimo
1318 1678 1419 1743 tertio
1457 1678 1511 1742 die

460 1780 597 1865 Martii]

941 2046 1025 2053 .----

845 2256 1114 2325 OOOOLXXIX.

507 2430 637 2499 Heuav
661 2430 726 2498 ΙΙΙ.
750 2448 793 2498 ro
816 2448 886 2497 run
909 2431 1108 2497 vrscocms
1130 2449 1175 2497 or
1198 2432 1359 2502 Faorssc
1383 2447 1456 2497 mn

884 2534 1095 2601 Ommmor.

659 2672 730 2735 (Rot.
742 2672 827 2724 Olane.
840 2678 872 2722 36
885 2671 950 2723 Heu.
961 2670 1020 2734 m,
1031 2673 1122 2722 memb.
1136 2676 1168 2722 20
1179 2671 1206 2721 in
1218 2673 1312 2736 dorso.)

291 2814 368 2879 April
380 2820 402 2876 r,
505 2789 577 2855 Rex
598 2788 782 2854 vicecomiti
805 2789 845 2854 de
861 2788 1015 2855 Frunsak
1037 2793 1073 2854 et
1094 2787 1278 2856 vioecorniti
1292 2788 1333 2854 de
1349 2787 1511 2868 Castilun‚

293 2888 365 2934 ¹²⁵²·
460 2892 609 2958 salutem.

291 3012 341 3063 We
353 3010 412 3075 give
505 2996 705 3060 Audivimus
727 3015 832 3081 nuper
846 2995 1057 3081 quorundam
1079 2994 1227 3060 fidelium
1250 2995 1410 3062 relatione
1423 2995 1513 3083 quod

390 3093 416 3126 θ’
460 3121 518 3164 vos
540 3099 688 3186 graviter
718 3099 887 3184 conquesti
910 3098 991 3163 estis
1025 3099 1066 3162 de
1088 3098 1285 3184 quibusdam
1317 3099 1448 3164 damnis
1478 3105 1513 3164 et

293 3211 411 3276 nnglmd
458 3201 590 3286 injuriis
622 3201 717 3266 vobis
750 3200 853 3266 illotis
885 3223 905 3264 a
936 3201 1069 3266 ballivis
1099 3200 1223 3266 nostris
1245 3200 1428 3266 Wasconiae
1440 3225 1449 3282 ;
1478 3209 1512 3266 et

292 3277 447 3408 ffialiffi
459 3303 534 3368 ideo
549 3305 644 3369 vobis
665 3303 861 3368 mandamus
876 3304 966 3390 quod
988 3303 1033 3368 ad
1055 3324 1115 3368 nos
1129 3303 1272 3368 veniatis
1293 3303 1330 3367 in
1345 3304 1511 3390 Angliam,

292 3412 376 3462 before
387 3427 424 3463 ue.
460 3406 574 3471 scituri
597 3405 686 3492 quod
708 3405 803 3470 vobis
825 3405 1033 3472 concedimus
1056 3406 1182 3470 salvum
1208 3409 1243 3470 et
1264 3427 1414 3471 securum
1436 3428 1512 3470 con-

460 3509 597 3574 ductum
628 3514 778 3573 nostrum
801 3530 859 3595 per
890 3513 997 3575 totam
1030 3513 1230 3595 potestatem
1261 3512 1419 3586 nostram,
1441 3515 1510 3574 tum

460 3633 519 3697 per
550 3617 670 3676 terram
698 3633 796 3696 quam
830 3633 889 3699 per
920 3632 1018 3691 mare,
1042 3610 1080 3674 in
1111 3612 1275 3677 veniendo
1306 3612 1349 3676 ad
1382 3633 1442 3677 nos
1476 3612 1512 3676 in

461 3715 627 3801 Angliam,
665 3714 788 3779 ibidem
825 3715 986 3780 morando
1024 3718 1058 3778 et
1095 3714 1174 3780 inde
1211 3715 1400 3795 recedendo,
1438 3737 1512 3781 cum

461 3805 648 3870 hominibus
669 3804 796 3883 vestris,
820 3804 922 3890 equis,
944 3810 979 3870 et
1012 3804 1162 3870 hernesio
1184 3809 1305 3870 vestro.
1350 3804 1513 3870 Nolumus

461 3907 561 3974 etiam
587 3907 674 3993 quod
712 3929 770 3994 per
803 3907 937 3994 aliquod
970 3907 1094 3973 factum
1116 3907 1170 3972 vel
1203 3912 1336 3994 propter
1369 3907 1513 3995 aliquam

461 4011 751 4098 transgressionem
787 4033 860 4096 quae
894 4014 1010 4075 contra
1042 4031 1156 4096 paoem
1193 4015 1341 4076 nostram
1372 4011 1514 4077 feceritis

462 4112 588 4200 sliqnid
610 4112 706 4178 vobis
728 4112 782 4178 vel
804 4113 923 4178 vestris
956 4113 1017 4177 fiat
1038 4112 1321 4199 impedimentum,
1345 4112 1512 4190 damnum,

462 4217 515 4282 vel
538 4237 725 4304 gravamen,
757 4216 932 4303 quominus
964 4214 1007 4280 od
1040 4237 1102 4280 nos
1123 4216 1265 4281 veniatis
1287 4217 1325 4282 in
1347 4217 1515 4304 Angliam‚

463 4320 510 4384 ibi
533 4317 705 4384 moremini
729 4324 764 4382 et
789 4319 865 4384 inde
888 4317 1056 4384 recedatis.
1101 4318 1172 4383 Nos
1195 4319 1295 4383 etiam
1318 4319 1457 4405 injurias
1480 4326 1514 4385 et

463 4423 585 4486 damna
622 4419 716 4487 vobis
753 4441 811 4507 per
848 4420 990 4486 bellivos
1035 4426 1164 4488 nostros
1201 4421 1383 4488 Wasconiae
1421 4423 1514 4489 illata

463 4526 618 4590 faciemus
640 4523 818 4588 secundum
840 4523 1009 4608 justitiam
1038 4525 1082 4588 ad
1115 4525 1250 4611 plenum
1273 4525 1449 4608 emendari,
1481 4532 1515 4592 et

464 4627 718 4715 providebimus,
741 4647 798 4712 per
814 4625 878 4692 Dei
898 4627 1050 4713 gratiam,
1072 4627 1113 4692 de
1136 4633 1227 4693 statu
1250 4633 1360 4694 vestro
1384 4636 1419 4695 et
1433 4629 1514 4695 alio-

466 4755 539 4797 rum
573 4737 765 4818 magnatum
797 4737 985 4796 nostrorum
1019 4731 1201 4798 Wasconim
1233 4738 1267 4797 ct
1304 4755 1383 4820 pace
1416 4737 1514 4800 terrae

466 4839 587 4900 nostrre
610 4835 782 4920 praedictoe,
805 4836 890 4899 sicut
913 4835 1029 4899 melius
1052 4835 1163 4901 honori
1188 4841 1301 4901 nostro
1317 4842 1352 4902 et
1374 4835 1514 4902 utilitati
