3609 5800
422 882 672 937 rmusrslmva
693 886 738 937 or
760 886 830 936 rsa
852 887 959 939 amos
982 888 1026 937 or
1049 888 1170 939 sarar
1193 890 1241 939 111.
1290 878 1354 943 223

169 1064 173 1069 ’
310 1042 499 1126 nullatenus
532 1060 618 1126 velle
655 1061 812 1127 oooedere.
868 1062 905 1127 Si
941 1084 1021 1128 vero
1058 1065 1231 1149 contingat
1269 1062 1356 1149 quod

304 1163 483 1249 justiciarii
505 1163 648 1229 debeant
670 1162 833 1243 itinerare,
855 1170 891 1229 et
925 1166 1031 1231 modis
1064 1166 1218 1231 omnibus
1249 1166 1359 1231 velitis

308 1270 348 1331 ut
369 1267 524 1332 itinerem
545 1265 675 1343 alieubi,
698 1267 728 1331 si
750 1267 857 1352 placet
880 1268 1081 1355 provideatis
1097 1270 1185 1355 quod
1208 1268 1360 1334 itinerem

309 1370 345 1432 in
391 1368 603 1434 eomitatibus
648 1367 871 1455 Centobrigiae
915 1374 951 1435 et
999 1370 1236 1447 Huntedoniae,
1284 1392 1357 1436 eum

308 1470 535 1537 benedietione
565 1476 600 1537 et
621 1492 696 1535 eum
719 1471 871 1557 expensis
894 1472 1023 1538 domini
1044 1474 1138 1560 regis
1194 1474 1248 1539 Ibi
1271 1474 1359 1539 enim

310 1573 350 1638 de
371 1594 445 1639 meo
477 1579 594 1660 potero
625 1572 747 1639 habere
779 1579 1081 1641 sustentamentum
1114 1597 1172 1661 per
1205 1597 1361 1663 magnum

309 1679 447 1762 tempus,
471 1680 588 1763 utpote
609 1676 652 1741 de
676 1696 770 1763 pane,
800 1677 947 1756 cervisia
962 1698 1068 1757 earne,
1089 1678 1174 1757 feno,
1196 1678 1305 1756 buseo,
1327 1682 1362 1744 et

309 1796 425 1860 avena,
456 1782 491 1843 et
523 1779 597 1843 aliis
627 1780 767 1844 minutis
799 1780 997 1845 necessariis.
1043 1780 1081 1847 si
1102 1786 1213 1847 autem
1235 1780 1362 1867 aliquid

309 1900 433 1945 novum
455 1882 624 1947 emerserit
655 1886 730 1968 post
764 1902 925 1948 reeessum
958 1902 1068 1949 meum
1100 1883 1141 1949 de
1164 1884 1274 1969 aliquo
1296 1884 1360 1949 dis-

309 1984 418 2048 oordis
443 2004 517 2071 quse
542 1984 587 2049 sit
609 1984 764 2066 curando,
787 2006 840 2051 me
861 1990 1008 2051 vestrum
1031 1986 1172 2073 penitus,
1195 1986 1223 2050 si
1245 1986 1361 2073 planet,

309 2087 544 2171 praemuniatis,
585 2091 620 2152 et
664 2087 838 2153 eonsilium
875 2094 1024 2155 vestrum
1062 2088 1144 2153 mihi
1181 2088 1361 2155 literatorie

308 2188 498 2274 signifioetis
535 2188 563 2254 si
601 2188 738 2254 debeam
776 2190 819 2255 ad
857 2192 982 2256 simiam
1020 2192 1126 2257 redire
1163 2192 1198 2257 et
1234 2190 1360 2257 ibidem

308 2311 441 2368 morare,
462 2292 516 2357 vel
537 2292 689 2358 oooedere
721 2293 765 2357 ed
797 2294 944 2379 patriam
978 2316 1084 2359 meam
1117 2302 1150 2359 et
1181 2294 1217 2358 in
1251 2300 1359 2359 castro

308 2392 519 2480 Skardeburg
550 2399 611 2459 out
638 2392 878 2484 Knsrreeburg,
911 2396 967 2461 vel
997 2396 1041 2461 sd
1075 2396 1219 2482 aliquem
1253 2396 1361 2462 reddi-

307 2501 403 2561 tuum
432 2518 579 2563 meorum
610 2502 782 2585 expectare
813 2505 963 2586 tempora
996 2499 1138 2567 meliora
1185 2500 1361 2586 Promptus

308 2600 395 2665 enim
417 2620 490 2665 sum
513 2607 548 2667 et
568 2606 705 2688 paratus
727 2603 763 2667 in
785 2603 938 2669 omnibus
958 2608 992 2668 et
1012 2624 1071 2690 per
1090 2604 1201 2667 omnia
1215 2600 1360 2668 vestram

307 2700 411 2768 faeere
444 2703 661 2770 voluntatem.
706 2702 771 2769 Pro
802 2703 874 2771 Deo
906 2726 973 2771 non
1003 2705 1167 2771 omittatis
1197 2704 1279 2792 quin
1308 2726 1360 2771 me

306 2810 453 2871 vestrum
482 2806 615 2893 penitus
645 2806 832 2873 certificetis
863 2812 941 2873 ‘tam
979 2808 1020 2875 de
1058 2814 1149 2874 statu
1178 2812 1288 2874 vestro
1326 2814 1361 2873 et

306 2913 396 2974 statu
417 2909 518 2975 eurise
548 2929 646 2996 quam
677 2911 719 2976 de
749 2909 885 2976 oonsilio
915 2917 1025 2976 vestro
1056 2933 1152 3000 super
1182 2911 1355 2998 praediotis.

306 3008 424 3078 Valeat
455 3011 638 3079 dominatio
668 3019 779 3079 vestra
808 3035 867 3101 per
895 3018 1044 3102 temporo
1073 3013 1271 3102 longissima
1318 3013 1355 3080 si

305 3113 451 3181 debeatis
484 3115 701 3202 perendinare
727 3114 907 3184 Londoniae
946 3123 981 3183 st
1018 3137 1136 3204 guerra
1173 3121 1353 3195 moveatur,

305 3218 372 3282 tria
393 3217 483 3282 dolia
503 3217 575 3283 vini
596 3239 670 3304 quoe
693 3218 798 3284 habeo
828 3219 866 3284 in
899 3219 1043 3307 hospitio
1066 3239 1139 3286 meo
1161 3241 1262 3308 prope
1284 3219 1357 3287 hos·

305 3319 428 3406 pilium
459 3324 608 3400 vestrum
643 3321 686 3386 ad
719 3343 801 3411 opus
831 3328 980 3390 vestrum
1007 3322 1146 3412 copiatis
1169 3327 1205 3388 et
1227 3323 1356 3390 bibatis.

309 3422 436 3490 Iterum
458 3427 492 3490 et
515 3424 599 3489 bene
622 3429 657 3490 et
678 3425 737 3490 diu
758 3423 874 3492 valete.
955 3441 958 3448 ’

726 3771 949 3842 DLXXXIV.

481 3900 581 3968 Jeme
607 3918 654 3966 oa
679 3916 725 3966 aa
750 3901 864 3966 Lmoa
890 3919 933 3967 ro
957 3902 1087 3971 Hsrar
1115 3904 1181 3973 111.

639 4033 736 4098 (Roynl
746 4033 853 4097 letters,
864 4033 914 4086 No.
930 4037 1023 4099 noel.)

353 4132 634 4201 Exoellentissimo
671 4137 805 4201 domino
842 4159 901 4203 suo
937 4137 1121 4226 H[enrioo],
1155 4139 1219 4205 Dei
1251 4142 1357 4228 gratia
1370 4159 1488 4224 Novae,

307 4238 377 4325 regi
404 4236 545 4326 Angliae‚
576 4237 709 4304 domino
741 4238 934 4324 Hybernja
964 4247 998 4306 et
1038 4241 1113 4306 duoi
1143 4241 1358 4328 Aquitannise
1373 4230 1455 4278 ”⁶²³

306 4339 536 4420 illustrissimo,
566 4341 705 4407 devotus
738 4346 773 4406 et
812 4341 920 4407 fidelis
950 4364 1027 4409 suus
1057 4343 1226 4412 Johannes
1256 4347 1296 4413 de
1326 4347 1359 4413 la

209 4459 213 4466 ⁴
309 4441 423 4507 Lauda
456 4445 606 4522 salutem,
629 4449 664 4509 et
693 4444 861 4530 seipsum
891 4444 1090 4533 subjec[tnm
1121 4448 1169 4534 et]
1200 4449 1357 4516 humilem

307 4545 350 4611 od
372 4545 470 4634 pedes
492 4547 591 4634 regiae
613 4545 803 4631 majestatis.

312 4693 446 4702 ..—-.

670 4766 678 4797 ¹
696 4765 744 4817 See
755 4767 829 4818 letter
839 4766 992 4820 Dxcvm.
