3609 5800
438 900 689 957 runesrsarrva
711 903 756 953 or
778 903 849 952 rnr
872 899 981 953 umus
1004 902 1048 952 or
1071 901 1195 953 unsar
1217 903 1266 952 ιιι
1327 885 1388 958 171

779 1207 953 1279 DXLVII.

633 1357 710 1424 Tse
733 1373 825 1425 snus
846 1375 889 1425 ro
912 1375 982 1424 rra
1005 1374 1102 1426 saun

541 1471 613 1560 (Ros
627 1493 711 1546 maus.
726 1500 756 1546 os
769 1493 836 1547 Heu.
846 1493 898 1546 111.
911 1494 1003 1546 memb.
1019 1499 1048 1544 rs
1061 1495 1088 1544 in
1099 1495 1195 1560 dorso.)

386 1607 469 1694 Regi
493 1605 651 1687 Franciae
675 1605 827 1674 sulutem.
1408 1625 1500 1676 March
1511 1629 1551 1688 ar,

387 1708 475 1788 Quia
507 1709 733 1789 intelleximus
775 1730 834 1775 vos
871 1709 956 1776 velle
995 1709 1163 1776 Simonem
1201 1709 1241 1776 de
1280 1709 1395 1776 Monte
1411 1698 1481 1744 ¹²⁰¹·

342 1811 445 1891 sorti,
468 1812 621 1878 comitem
644 1811 839 1894 Leioestriae,
863 1818 897 1878 st
920 1817 1104 1878 consortem
1126 1833 1228 1894 suam,
1252 1833 1394 1878 sororem
1407 1783 1532 1918 mm!

340 1917 497 1991 nostram,
513 1935 633 2000 paoem
663 1915 793 1994 habere,
831 1915 914 1994 ideo,
954 1913 995 1980 de
1032 1916 1128 1982 vobis
1164 1919 1324 2002 tanquam
1354 1915 1395 1981 de
1409 1919 1527 1968 tribuae

343 2017 476 2082 domino
524 2020 637 2082 nostro
683 2013 853 2103 potissime
898 2017 1022 2095 confisi,
1068 2017 1280 2084 submisimus
1336 2039 1396 2084 nos
1408 1986 1472 2102 iffi
1470 2001 1519 2102 iffi
1529 2002 1558 2034 ¹¹³

342 2119 432 2184 dieto
464 2139 522 2184 seu
544 2118 685 2184 arbitrio
711 2126 831 2199 vestro,
856 2122 965 2206 quood
996 2141 1109 2186 omnes
1140 2121 1337 2206 quaestiones
1361 2125 1453 2186 eter
1410 2118 1526 2168 errralao

342 2219 490 2307 querelas
513 2220 602 2286 inter
624 2243 685 2286 nos
707 2227 742 2286 et
764 2221 940 2308 prusdiolos
962 2223 1115 2288 comitem
1139 2229 1173 2288 et
1195 2222 1395 2289 comitissam
1409 2187 1565 2312 &gfff

343 2325 512 2408 hueusque
550 2321 682 2388 habitas
719 2323 958 2403 terminandas,
991 2329 1031 2389 ut
1063 2324 1111 2390 sio
1142 2324 1238 2390 vobis
1268 2324 1398 2412 plenius

343 2427 531 2491 innoteseat
564 2426 653 2512 quod
685 2446 744 2512 per
773 2427 863 2492 viam
886 2427 995 2493 verite
996 2427 1040 2492 tis
1063 2433 1098 2492 et
1119 2449 1187 2492 non
1210 2427 1329 2494 volunt
1314 2430 1397 2494 turis

343 2527 594 2615 processerimus
616 2529 765 2593 eontra
755 2550 852 2614 1psos.

390 2630 600 2716 Quapropter
623 2630 884 2696 dominationem
908 2635 1054 2697 vestram
1077 2637 1204 2718 quantu
1225 2652 1400 2719 possumus

344 2731 518 2798 affeotione
555 2753 709 2820 rogemus
746 2737 911 2818 quatenus
956 2733 1082 2800 dietum
1120 2756 1177 2802 seu
1223 2733 1398 2800 arbitrium

345 2833 561 2920 hujusmodi
551 2856 588 2899 ιιι
605 2855 666 2901 vos
686 2855 852 2901 assumere
872 2835 1063 2923 dignemini
1111 2836 1251 2919 Quod
1225 2859 1254 2903 sr
1271 2837 1332 2904 hoo
1350 2837 1398 2903 fa·

345 2958 416 3002 rere
435 2958 503 3002 non
521 2938 663 3024 possitis,
680 2938 808 3025 plaeeet
830 2938 925 3005 vobis
949 2940 1118 3027 negotium
1142 2941 1234 3007 istud
1256 2941 1399 3007 dominre

346 3044 469 3105 nostres
506 3040 630 3127 reginae
669 3040 819 3107 Franciae
856 3042 1000 3109 consorti
1037 3048 1158 3109 resine
1192 3048 1228 3109 et
1265 3044 1399 3109 domino

346 3140 444 3207 Petro
477 3140 509 3205 le
533 3140 772 3209 Ohamberleno
803 3145 1020 3225 committere,
1049 3146 1230 3211 seeundum
1260 3146 1399 3211 formem

347 3243 559 3309 instrumenti
582 3243 672 3309 inter
694 3266 754 3310 nos
776 3245 955 3311 hincinde
977 3247 1124 3313 oonfeoti.

392 3345 438 3410 Et
469 3346 547 3431 quis
578 3346 739 3412 vellemus
772 3348 813 3413 de
848 3346 984 3414 loeot
949 3352 984 3414 et
1014 3348 1157 3417 termino
1184 3348 1279 3416 nobis
1303 3370 1401 3438 super
1414 3353 1556 3431 morosus

347 3447 407 3513 hoe
440 3446 649 3535 assignandis
680 3448 810 3535 plenius
843 3455 912 3515 oert
898 3448 1027 3533 tifieauu',
1066 3450 1231 3519 mittimus
1269 3452 1313 3517 ad
1341 3474 1446 3533 vosan
1414 3418 1455 3482 p⁰i
1448 3418 1557 3549 iffi

347 3548 536 3614 Johannem
573 3548 614 3614 de
651 3548 685 3613 la
722 3550 848 3636 Lynde,
886 3550 1028 3619 militem
1066 3558 1226 3633 nostrum,
1263 3551 1507 3622 latoremf⁰rthe

347 3651 572 3738 presentium,
595 3653 639 3717 ad
661 3652 917 3741 recolligendum
941 3656 1074 3721 nomine
1096 3662 1210 3723 nostro
1232 3658 1320 3745 apud
1342 3679 1402 3723 vos
1414 3632 1527 3683 purpose

348 3754 523 3841 praedietos
558 3752 646 3820 diem
678 3758 713 3819 et
747 3753 874 3837 loeum3
907 3762 1070 3843 rogantes,
1105 3758 1134 3823 si
1164 3758 1282 3846 placet,
1314 3760 1402 3846 quod

348 3854 418 3922 dies
454 3855 510 3921 ille
541 3856 638 3923 nobis
672 3858 860 3944 assignetur
893 3856 931 3923 in
969 3858 1094 3926 octabis
1132 3856 1333 3928 Natiuitatis
1369 3862 1401 3929 S.

348 3957 513 4023 iohannis
536 3958 708 4045 Baptistae,
731 3965 771 4025 ut
792 3963 874 4025 tune
897 3960 938 4026 de
963 3962 1075 4027 disin
1098 3960 1186 4027 diem
1208 3964 1403 4049 procedetur

348 4060 385 4124 in
408 4059 593 4126 discutione
613 4060 741 4149 negotii
763 4062 946 4139 memorati,
970 4068 1070 4150 prout
1092 4064 1190 4130 eitius
1222 4070 1256 4131 et
1286 4064 1403 4131 melius

348 4158 451 4227 fuerit
472 4162 723 4249 procedendum.

394 4264 491 4331 Teste
531 4286 585 4332 me
618 4265 689 4352 ipso
727 4267 815 4353 apud
847 4265 981 4333 Turrim
1016 4267 1207 4349 Londoniae,
1246 4266 1402 4336 vicesimo

350 4366 489 4454 septimo
513 4366 566 4433 die
589 4367 714 4434 Martii.

663 4658 1091 4675 w
