3609 5800
446 875 512 938 rel
603 888 716 938 nomn
736 887 811 939 mn
834 888 950 937 ornas
972 884 1176 937 ulsromcsn
1199 888 1344 936 nmrnns

279 1076 434 1154 neptem
445 1058 588 1123 multum
610 1058 845 1139 retardabitur,
860 1059 890 1125 si
905 1058 1075 1125 nobiseum
1091 1059 1205 1125 venire
1227 1058 1370 1125 debeant
1392 1078 1494 1142 usque

278 1142 404 1268 “ffinss'
446 1160 637 1241 Devoriam,
671 1168 707 1226 et
728 1183 790 1227 nos
811 1162 853 1228 de
874 1162 1049 1229 Londonia
1070 1162 1260 1229 nullatenus
1292 1161 1495 1227 intendimus

277 1224 426 1326 :menum
444 1258 596 1329 resedere
628 1268 708 1328 ante
739 1263 921 1329 adventum
944 1254 1056 1332 eorum
1078 1265 1212 1346 ibidem,
1235 1288 1274 1331 eo
1305 1264 1394 1351 quod
1424 1262 1494 1328 sine

278 1342 393 1460 ww,
446 1387 558 1432 eorum
587 1366 764 1453 praesentia
792 1367 878 1433 nihil
910 1367 1055 1434 finaliter
1085 1369 1158 1435 fieri
1189 1368 1245 1435 vel
1278 1363 1495 1435 consummari

278 1489 369 1539 range·
446 1470 569 1555 poterit
602 1469 643 1535 de
674 1491 754 1557 paoe
775 1471 952 1557 pnediota;
985 1494 1044 1538 vos
1075 1494 1228 1561 rogemus
1260 1470 1348 1559 quod
1378 1470 1407 1535 si
1437 1490 1495 1533 vo

276 1549 366 1593 Μ·
445 1571 574 1638 lueritis
596 1573 685 1657 quod
707 1594 811 1659 usque
836 1573 1017 1640 Dovoriam
1050 1596 1171 1655 eamus,
1206 1580 1242 1640 et
1273 1573 1362 1661 quod
1398 1594 1496 1659 nego·

445 1674 532 1739 tium
569 1675 658 1761 peeis
691 1674 831 1741 feliciter
863 1676 1074 1763 compleatur,
1107 1682 1187 1743 tune
1219 1677 1306 1764 ipsos
1337 1680 1495 1761 tanquam

446 1776 583 1855 obsides,
623 1778 661 1841 in
691 1783 784 1844 statu
814 1778 851 1843 in
882 1801 948 1865 quo
979 1802 1067 1847 nune
1101 1785 1188 1859 sunt,
1216 1778 1259 1844 ad
1291 1800 1351 1844 nos
1384 1776 1496 1843 venire

445 1880 671 1960 fecistiseam
693 1903 767 1947 eum
788 1883 918 1947 nuntiis
933 1904 1035 1969 usque
1051 1882 1223 1950 Boloniam
1246 1878 1494 1969 praemittendis,

445 1983 532 2048 sieut
553 1982 636 2049 alias
657 2006 716 2049 vos
739 1987 935 2073 rogavimus.

489 2085 586 2153 Teste
608 2108 661 2152 me
685 2086 757 2174 ipso
787 2088 877 2175 apud
899 2088 932 2154 S.
956 2086 1094 2155 Paulum
1119 2089 1308 2169 Londonire,
1332 2086 1495 2154 tricesimo

445 2187 550 2273 primo
573 2188 627 2254 die
649 2188 745 2254 Julii.

739 2434 755 2439 -.
766 2434 889 2441 .·—.-*..-..-
901 2434 967 2443 w...
978 2436 983 2441 .
994 2436 1005 2441 -
1028 2434 1128 2443 ,......-.
1139 2437 1162 2443 ..-

906 2602 1040 2670 DOXX

723 2762 853 2825 Hmsr
876 2760 938 2825 ΙΙΙ.
962 2778 1005 2826 ro
1027 2761 1137 2826 Leuis
1160 2760 1219 2826 IX.

578 2899 649 2964 (Ros
661 2897 746 2950 claua
758 2904 790 2951 48
802 2900 869 2951 Hen.
880 2899 939 2962 111,
951 2901 1042 2951 memb.
1055 2905 1071 2950 4
1081 2899 1109 2950 in
1121 2901 1195 2952 dorso
1208 2899 1235 2950 in
1247 2899 1357 2962 sedule.)

278 3013 383 3131 3132,
490 3008 574 3097 Regi
599 3011 746 3078 Frsneiae
768 3034 830 3077 rex
853 3013 987 3116 Angliae
1014 3013 1164 3094 salutem,
1188 3018 1222 3079 et
1244 3013 1376 3078 sincerae
1400 3009 1496 3098 dilec-

345 3118 351 3132 '
445 3111 548 3178 tionis
569 3135 697 3200 semper
718 3119 943 3201 augmentum.

276 3210 395 3262 Perseis
492 3214 578 3280 Cum
600 3238 666 3304 pax
687 3217 856 3284 internos
885 3222 921 3283 et
954 3218 1092 3284 barones
1126 3223 1255 3284 nostros
1276 3217 1320 3283 ud
1341 3216 1495 3283 honorem

278 3278 418 3328 eoneluded
499 3317 507 3330 .
684 3319 692 3332 .
1245 3322 1252 3335 .
1377 3319 1384 3333 .
1448 3317 1479 3332 ..

278 3343 434 3395 betweenm
447 3317 511 3382 Der
533 3323 567 3382 et
588 3323 695 3384 nostri
716 3341 844 3385 necnon
864 3320 908 3386 ad
930 3327 1078 3388 nostram
1100 3324 1136 3386 et
1160 3343 1255 3408 regnr
1281 3325 1387 3386 nostri
1407 3317 1496 3383 utilr-

278 3410 388 3527 {poppe
445 3424 551 3485 tatem
576 3419 649 3506 jam
671 3420 757 3487 inita
778 3423 825 3487 sit
846 3427 881 3488 et
902 3424 1044 3501 firmato,
1067 3423 1262 3488 benedictus
1285 3423 1384 3502 Deus,
1407 3419 1497 3487 eelsi-

279 3515 404 3595 nerefoie
446 3522 597 3588 tudinem
620 3529 764 3590 vestiam
786 3532 913 3612 quantu
934 3547 1108 3613 possumus
1138 3525 1312 3592 affectione
1334 3545 1496 3612 rogemus,

280 3608 406 3741 {ww
447 3630 610 3711 quatenus
630 3624 830 3714 alienigenas
854 3650 993 3716 regnum
1025 3633 1175 3695 nostrum
1207 3650 1267 3715 per
1299 3632 1496 3714 potestatem

280 3745 418 3820 mmmmm
446 3733 506 3792 eut
539 3726 726 3794 districtum
754 3735 901 3796 vestrum
934 3729 1073 3818 ingredi,
1097 3736 1157 3796 aut
1178 3730 1278 3796 eliam
1299 3735 1433 3816 gentem
1456 3728 1499 3794 ed

279 3823 399 3942 {21}ssth
445 3851 539 3896 arma
559 3852 698 3918 regnum
719 3831 803 3897 illud
824 3832 992 3900 hostiliter
1014 3833 1181 3914 invadere,
1204 3835 1233 3898 si
1255 3833 1371 3921 planet,
1393 3831 1499 3898 nulla·

280 3942 428 4022 sornthein·
446 3939 545 3999 tenus
566 3933 789 4020 permittetis3
822 3937 1005 4024 praesertim
1038 3959 1111 4002 eum
1143 3937 1245 4002 simus
1271 3936 1369 4002 homo
1391 3941 1500 4001 vester

280 4012 412 4141 ffiffi
446 4037 553 4123 ligius,
576 4042 610 4103 et
632 4043 755 4104 sertem
777 4061 890 4124 peeem
911 4039 1082 4106 vobiscum
1105 4038 1283 4120 inierimus,
1306 4061 1367 4105 nec
1389 4039 1426 4104 in
1441 4061 1499 4104 vos

448 4161 506 4204 seu
528 4162 640 4227 paoem
663 4140 759 4207 vobis
781 4142 973 4228 promissam
998 4149 1033 4208 et
1062 4143 1140 4209 hine
1165 4141 1244 4209 inde
1261 4142 1409 4229 juratam
1433 4163 1498 4208 cre-

450 4242 560 4308 dimus
581 4265 642 4309 nos
664 4243 701 4308 in
723 4243 835 4331 aliquo
857 4245 1081 4328 commisisse3
1104 4246 1317 4313 advertentes
1340 4244 1449 4326 etiam,
1472 4243 1500 4308 si

450 4345 564 4432 planet,
587 4348 675 4433 quod
704 4346 873 4433 ingressus
902 4348 1159 4436 alienigenarum
1181 4347 1371 4435 hujusmodi
1391 4353 1501 4435 posset

452 4470 520 4514 esse
552 4448 607 4515 vel
643 4448 686 4514 sd
723 4450 901 4515 eorundem
937 4451 1143 4518 venientium
1178 4449 1407 4532 confusionem,
1442 4454 1501 4516 aut

450 4556 597 4617 nostram
631 4557 667 4618 et
699 4553 794 4640 regni
827 4553 943 4634 nostri,
977 4553 1032 4620 vel
1064 4537 1246 4642 utriusque,
1281 4555 1371 4640 quod
1403 4553 1501 4630 absit,

451 4654 724 4737 destructionem
747 4660 782 4722 et
804 4654 924 4722 exinde
950 4657 1165 4725 nihilominus
1195 4658 1360 4725 Edwardo
1379 4659 1500 4745 primo·

448 4757 562 4844 genito
583 4768 704 4838 nostro,
727 4764 762 4825 et
784 4759 928 4827 Henrieo
955 4760 1025 4827 filio
1048 4762 1134 4849 regis
1155 4761 1363 4828 Alemanni-ee
1385 4761 1498 4848 nepoti
