3609 5800
420 909 668 960 nausrnsnve
694 911 738 960 or
761 911 831 960 run
854 910 961 962 nares
985 912 1028 960 os
1052 911 1171 960 unser
1196 913 1244 962 111.
1292 900 1356 965 lit

308 1085 442 1152 inerunt
452 1110 461 1166 ;
485 1086 720 1172 propterquod
742 1106 809 1151 non
832 1087 1003 1173 potuimus
1018 1085 1099 1152 adeo
1114 1087 1180 1154 cito
1195 1087 1357 1156 uterede-

307 1189 426 1274 bemiis
445 1189 489 1254 ad
511 1193 622 1275 partes
642 1188 774 1277 Angliae
796 1210 948 1256 remeare.

353 1292 516 1358 Praetereu
537 1311 612 1358 eum
633 1296 775 1377 quatuor
800 1290 977 1358 dictatores
998 1291 1075 1358 hine
1097 1291 1174 1358 inde
1195 1291 1291 1360 eleeti
1313 1293 1357 1360 nd
1369 1317 1497 1370 Wewms

309 1393 493 1460 taxandum
514 1393 686 1480 poemiam
709 1415 808 1481 quam
838 1393 995 1480 praefatus
1017 1415 1076 1461 rex
1107 1395 1203 1462 nobis
1233 1395 1358 1464 solvere
1369 1385 1458 1436 sevies

309 1501 450 1575 tenetur,
472 1518 530 1582 pro
551 1495 744 1584 quingentis
764 1495 930 1562 ⁴militibus
953 1518 1011 1584 per
1041 1497 1212 1564 biennium
1241 1501 1357 1566 tenen·
1370 1452 1498 1570 iiiiii

308 1599 367 1675 dis,
396 1597 626 1684 nequivissent
654 1597 859 1678 remordere,
885 1597 1080 1685 petebamus
1109 1599 1152 1665 ab
1182 1599 1253 1688 ipae
1282 1623 1358 1688 rege
1369 1599 1402 1663 ²3¹
1413 1586 1501 1701 'ffl-

308 1701 396 1788 quod
418 1701 537 1767 Petrus
558 1699 870 1787 leObeumberlang
884 1701 1022 1787 quintus
1044 1707 1132 1769 esset
1154 1709 1189 1768 et
1205 1703 1358 1789 jumtus3
1370 1659 1505 1770 iltlrwllh

308 1805 395 1890 quod
431 1804 519 1870 idem
549 1803 668 1870 Petrus
704 1803 810 1870 faeere
839 1803 1012 1870 reeusarit.
1070 1803 1170 1870 Unde
1200 1805 1357 1892 praesatus
1370 1784 1475 1836 ΜΨ·

307 1928 376 1988 rex,
398 1907 513 1972 nolens
535 1906 711 1994 praefatum
734 1905 871 1972 Petrum
892 1927 990 1994 super
1012 1905 1072 1972 hoe
1094 1906 1274 1984 molestare,
1298 1913 1358 1976 eut

308 2031 367 2075 nos
389 2009 553 2076 offendere
573 2007 610 2073 in
631 2009 693 2073 hae
714 2013 816 2095 parte,
830 2007 1000 2094 respondit
1022 2007 1111 2096 quod
1134 2007 1221 2075 idem
1239 2009 1357 2076 Petrus

308 2134 375 2177 una
396 2132 470 2177 eum
494 2110 644 2198 episeopo
659 2109 852 2176 Annieienei
874 2110 911 2175 in
933 2131 968 2178 se
982 2115 1164 2178 assumeret
1185 2113 1357 2202 negotium

307 2213 537 2300 supradictum
581 2211 637 2277 Ad
667 2211 747 2290 baee,
768 2213 848 2299 quie
870 2212 1098 2279 dubitavimus
1131 2217 1244 2279 utrum
1277 2235 1357 2302 que·

306 2322 383 2384 tuor
405 2314 556 2404 deputati
577 2316 621 2382 ad
642 2315 897 2382 aestimationem
919 2321 1017 2383 terrae
1032 2315 1215 2404 Ageuensis
1236 2315 1356 2382 iacien-

309 2421 384 2486 dum
407 2423 540 2507 possent
564 2418 767 2494 eoneordare,
788 2417 1071 2506 interpellavimus
1105 2417 1213 2506 ipsum
1246 2441 1356 2506 regem

308 2523 349 2588 de
371 2522 488 2610 quinto
510 2521 632 2587 eisdem
665 2521 899 2608 adjungend03
938 2521 996 2608 qui
1030 2517 1205 2608 praeiatum
1238 2521 1358 2608 episeo-

307 2648 387 2713 pum
423 2625 467 2690 ad
504 2624 565 2692 boe
601 2623 795 2690 nominavit.
855 2622 979 2690 Verum
1013 2643 1088 2688 eum
1122 2645 1166 2690 ex
1199 2621 1358 2689 diletione

308 2727 489 2794 taxationis
510 2727 609 2793 dietae
630 2727 777 2812 peeuniee
791 2733 826 2792 et
840 2725 1072 2792 aestimationis
1094 2731 1191 2794 terrae
1205 2726 1359 2814 Agonen·

308 2832 354 2897 sis
373 2851 476 2918 grave
498 2829 656 2894 damnum
676 2833 712 2894 et
732 2827 915 2916 perieulum
936 2828 1031 2894 nobis
1054 2827 1158 2915 possit
1180 2827 1358 2909 imminere,

308 2933 491 3021 praesertim
513 2954 587 2999 eum
608 2932 698 2999 idem
727 2952 788 2998 rex
811 2952 879 2997 non
901 2935 1056 2997 teneatur
1086 2930 1180 2997 nobis
1213 2930 1359 3021 aliquam

307 3036 478 3124 pecuniam
509 3035 635 3101 solvere
668 3038 746 3099 ante
779 3032 986 3100 taxationem
1015 3054 1074 3099 seu
1107 3033 1358 3101 aestimetionem

309 3139 511 3225 preedietem,
541 3137 628 3204 sicut
663 3137 700 3201 in
738 3136 844 3201 literis
879 3136 1001 3202 nostris
1035 3156 1116 3221 ques
1149 3136 1255 3203 eidem
1289 3136 1359 3225 regi

309 3264 412 3328 nuper
434 3241 471 3305 in
492 3239 615 3327 Anglis
644 3238 781 3304 fecimus
802 3238 1002 3317 continetur,
1024 3260 1085 3303 nos
1106 3238 1254 3305 nolentes
1276 3262 1358 3327 prae·

309 3345 434 3411 dietum
464 3342 635 3430 negotium
669 3341 818 3407 totaliter
851 3362 1011 3427 rumpere,
1043 3362 1103 3407 nee
1140 3342 1176 3405 in
1206 3342 1361 3429 praefatos

309 3447 493 3533 episcopum
516 3450 551 3510 et
578 3444 714 3509 Petrum
745 3443 782 3507 in
815 3442 923 3507 forme
953 3442 1113 3529 preediete
1145 3442 1215 3509 eine
1248 3448 1360 3511 vestro

309 3548 444 3615 oonsilio
474 3553 509 3613 et
543 3546 681 3611 aliorum
715 3550 909 3632 magnatum
944 3544 1003 3633 qui
1035 3550 1114 3611 sunt
1146 3546 1187 3611 de
1224 3545 1360 3613 oonsilio

309 3656 421 3717 nostro
459 3650 496 3714 in
528 3648 653 3735 Anglie
682 3648 875 3724 consentire,
911 3669 949 3713 eo
982 3646 1070 3735 quod
1103 3646 1191 3713 idem
1229 3669 1289 3715 rex
1323 3649 1361 3715 in

309 3756 480 3820 texetioue
502 3752 669 3839 praediotae
690 3750 836 3837 poouniae
866 3749 1004 3817 haberet
1026 3756 1167 3837 quatuor
1191 3772 1233 3817 ex
1267 3758 1361 3839 purte

308 3878 368 3921 sua
388 3861 423 3922 et
444 3877 506 3921 nos
535 3859 671 3919 tantum
701 3853 782 3918 duos
809 3874 852 3918 ex
878 3858 972 3939 parte
999 3858 1129 3934 nostre;
1156 3852 1251 3920 vobis
1269 3876 1361 3920 man-

309 3960 433 4038 demus,
455 3958 491 4022 in
513 3956 579 4022 fide
601 3978 667 4042 qua
686 3954 783 4021 nobis
805 3955 965 4021 tenemini
987 3954 1127 4021 firmiter
1149 3955 1360 4044 injungentes

308 4062 404 4148 quod,
449 4060 563 4125 habito
603 4080 700 4145 super
740 4057 917 4145 praemissis
954 4056 1089 4123 oonsilio
1126 4057 1358 4144 praedictorum

308 4162 580 4251 rnuguetum.qui
602 4166 778 4248 praesentes
800 4159 934 4237 fuerint,
957 4163 1104 4224 vestrum
1128 4165 1163 4225 et
1188 4159 1359 4245 preedieto·

308 4288 380 4331 rum
401 4272 594 4353 magnatum
626 4262 798 4328 eonsilium
828 4262 925 4328 nobie
947 4262 1008 4327 sub
1030 4261 1121 4327 omni
1147 4260 1360 4327 festinatione

307 4391 372 4457 que
392 4369 543 4456 poteritis
568 4366 777 4443 rescribetis3
800 4364 879 4450 quia
903 4369 982 4429 ente
1000 4385 1191 4451 responsum
1213 4368 1359 4429 vestrum
1402 4446 1407 4453 ι

308 4494 405 4558 super
432 4468 617 4559 praemissis‚
655 4491 730 4555 quae
767 4467 889 4533 festino
922 4466 1074 4553 indigent
1103 4464 1245 4545 consilio,
1276 4466 1360 4532 nihil

308 4581 432 4640 eertum
456 4577 602 4638 statuere
624 4592 793 4657 possumus
815 4592 876 4634 nee
898 4568 1062 4634 debemus.

353 4676 507 4743 Ceterum
544 4672 623 4760 quia
659 4672 885 4738 intelleximus
924 4671 1013 4757 quod
1051 4671 1236 4737 Lewelinus
1272 4672 1504 4742 filiualneonee-

309 4777 439 4846 Griffiui
462 4776 514 4843 die
536 4774 677 4842 Sabbeti
699 4775 851 4861 proxime
873 4778 948 4861 pest
972 4772 1191 4861 Epiphaniam
1223 4775 1360 4841 Domini
1372 4758 1511 4822 ΜΝ
