3609 5800
460 883 524 947 226
622 899 738 947 norun
762 899 834 948 uun
857 900 973 949 oruun
997 898 1203 947 nrsroruoun
1228 899 1376 947 inmune

461 1075 608 1133 mentum
646 1093 740 1135 suum
779 1070 921 1136 videatis
959 1076 993 1133 et
1030 1068 1217 1154 inquiratur,
1256 1074 1290 1133 et
1325 1088 1422 1153 super
1460 1066 1520 1129 hoo

460 1173 561 1237 breve
594 1179 628 1237 et
661 1158 804 1237 solutore
838 1172 1011 1237 consitium
1045 1170 1228 1257 epponem,
1260 1192 1335 1235 oum
1358 1169 1439 1233 alien
1462 1191 1520 1233 vos

460 1280 495 1338 et
517 1296 598 1361 gens
620 1279 733 1340 vestro
754 1297 828 1360 quae
851 1275 958 1339 estin
993 1274 1067 1337 istis
1096 1272 1247 1359 portibus
1269 1294 1423 1359 magnum
1446 1293 1520 1335 non-

461 1376 624 1443 fuoionem
656 1384 691 1442 et
720 1399 877 1464 magnum
913 1377 1071 1442 domnum
1102 1374 1237 1461 possitis
1259 1375 1432 1454 incurrere,
1456 1373 1519 1437 nisi

463 1501 561 1565 super
581 1480 760 1565 praemissis
776 1480 875 1545 velox
898 1482 932 1543 et
947 1483 1117 1543 maturum
1140 1478 1312 1543 eonsilium
1328 1481 1520 1563 apponatur.

511 1581 598 1647 Item
629 1583 712 1647 seint
734 1586 846 1646 vostro
871 1581 963 1667 regia
993 1580 1153 1646 celsitudo
1185 1580 1273 1666 quod
1312 1580 1451 1644 Ponoius
1481 1579 1522 1643 de

317 1661 332 1693 fl
367 1661 397 1694 ac
424 1661 451 1693 HS
680 1685 686 1698 .
964 1684 970 1697 .
993 1682 999 1697 .
1063 1683 1070 1697 .
1211 1683 1217 1698 .
1264 1682 1270 1697 ι
1359 1682 1366 1696 .

322 1727 354 1760 va
465 1684 608 1768 Beynao‚
632 1706 689 1770 qm
704 1689 754 1750 est
768 1684 866 1749 homo
888 1688 1018 1749 comitur
1034 1683 1245 1761 Protuvensrn
1261 1686 1386 1749 rnvaert
1401 1687 1521 1747 terram

281 1796 296 1827 ⁰
306 1793 395 1891 3¹³⁰
423 1778 444 1817 ’·
465 1791 609 1851 vostrum
643 1808 718 1850 cum
748 1786 849 1849 ermis
882 1786 953 1851 sine
983 1785 1074 1849 omni
1107 1806 1204 1851 eausa
1238 1788 1272 1851 et
1299 1783 1418 1849 oooidit
1448 1804 1522 1847 oum

463 1888 562 1952 armis
596 1888 760 1975 quendam
801 1886 997 1974 burgensem
1029 1892 1175 1952 vestrum
1206 1892 1240 1952 ot
1281 1892 1351 1951 tres
1381 1886 1523 1951 valettos

462 1995 589 2054 vestros
620 1990 678 2073 qui
716 1990 757 2053 de
790 1988 919 2054 familia
948 1994 1063 2054 nostre
1092 1994 1196 2067 erant,
1221 1989 1277 2073 qui
1309 1994 1423 2053 tumen
1455 2008 1521 2052 non

462 2092 672 2176 deliquerunt
702 2092 739 2156 in
770 2091 881 2176 aliquo
913 2096 1027 2157 contra
1049 2092 1158 2177 ipsum
1181 2112 1242 2157 neo
1264 2096 1379 2156 eontra
1410 2112 1522 2176 quem-

462 2214 561 2279 quem
584 2193 693 2258 olium.
740 2193 787 2257 Et
808 2193 961 2279 poteritis
976 2193 1068 2258 irtud
1090 2193 1170 2257 noire
1195 2214 1268 2259 oum
1284 2193 1418 2258 domino
1434 2192 1521 2278 Roy-

461 2294 585 2359 mundo
620 2294 661 2359 de
683 2294 785 2360 Bonis
812 2294 902 2359 Villa
929 2296 1096 2382 praedioto.
1146 2296 1191 2361 Et
1214 2295 1324 2361 scintis
1353 2318 1412 2383 pro
1435 2301 1523 2361 certo

462 2395 550 2481 quod
580 2416 641 2482 ego
663 2401 742 2463 onte
763 2396 818 2462 vel
840 2402 917 2484 post
939 2419 1006 2462 non
1028 2397 1092 2463 feei
1114 2419 1266 2484 guerram
1288 2419 1347 2463 neo
1369 2396 1522 2484 injuriam

461 2498 608 2583 aliquam
630 2503 746 2564 eontra
768 2497 924 2565 Pontium
958 2500 1000 2565 de
1036 2500 1171 2586 Baynoo
1201 2500 1432 2586 supradictum.
1478 2498 1524 2563 Et

462 2610 560 2686 super
582 2601 760 2687 praemiosis
785 2601 941 2667 omnibus
975 2602 1134 2667 rescribat
1171 2602 1253 2666 mihi
1278 2608 1391 2668 vestro
1421 2601 1524 2667 domi-

463 2703 556 2768 natio
600 2725 699 2788 quum
744 2705 809 2768 cito
843 2705 938 2768 vobis
971 2704 1133 2790 placuerit
1167 2708 1285 2771 vestrae
1320 2692 1524 2792 beneplacito

464 2804 657 2869 voluntati&

509 2906 630 2972 Sciatis
660 2907 761 2972 etium
783 2909 872 2995 quod
894 2909 973 2974 licet
995 2913 1068 2975 toto
1089 2910 1198 2996 putria
1219 2909 1398 2996 plurimum
1421 2910 1525 2974 admi-

463 3013 556 3073 retur
570 3008 658 3094 quod
680 3031 741 3096 ego
762 3014 893 3075 tuntum
917 3010 1148 3078 contumelium
1171 3011 1319 3078 emtineo
1341 3012 1524 3098 potientem

463 3115 576 3174 temen
605 3111 697 3176 istud
726 3112 873 3177 sustineo
894 3118 1028 3200 propter
1058 3113 1310 3201 parliamentum
1334 3101 1522 3191 Gondelosu

464 3211 601 3276 noleno¹
625 3233 730 3298 usque
743 3212 792 3278 ibi
818 3213 944 3299 aliquid
969 3217 1144 3294 attentare,
1167 3220 1208 3281 ut
1229 3216 1353 3282 furtum
1376 3220 1523 3281 vestrum

465 3334 564 3399 super
600 3313 818 3400 privilegiatis
854 3338 922 3382 non
961 3319 1064 3403 possit
1100 3323 1235 3405 propter
1272 3319 1333 3384 hoo
1362 3318 1521 3404 impediri.

466 3414 648 3480 Conservet
670 3417 833 3483 Dominus
863 3441 1034 3505 personam
1065 3423 1208 3484 vestram
1238 3420 1282 3484 ud
1311 3419 1467 3486 honorem
1490 3426 1524 3487 et

465 3517 701 3583 exaltationem
723 3521 817 3605 regni
839 3521 971 3608 Angue
992 3545 1051 3609 per
1077 3526 1226 3609 tempora
1249 3522 1405 3609 longiora.

512 3619 638 3685 Datum
660 3621 749 3707 opud
773 3623 931 3688 Castrum
954 3625 1089 3690 Novum
1113 3646 1210 3712 super
1233 3624 1446 3707 Dordoniam,
1471 3625 1523 3690 die

468 3721 632 3802 Mercurii,
656 3722 772 3809 vigilie
795 3725 831 3790 Β.
854 3725 1003 3793 Androne.

512 3823 687 3890 Indoroed.
735 3825 1023 3893 Excellentissimo
1081 3829 1215 3894 domino
1270 3830 1340 3916 regi
1395 3830 1524 3916 Angliae
