3609 5800
344 949 348 954 .
440 886 502 949 166
594 894 711 950 nerlu
733 897 807 947 sun
829 897 945 947 ornan
967 895 1175 946 ureronrosn
1198 895 1343 946 ammas

274 3032 316 3080 Do
328 3039 373 3081 not

274 3097 355 3147 credit
363 3099 429 3149 their

437 1074 587 1140 misimus
609 1076 740 1139 firmam
762 1077 908 1140 vestram
930 1075 966 1138 in
989 1073 1071 1138 villa
1093 1074 1166 1161 ipsa
1187 1074 1305 1155 levare,
1325 1095 1383 1161 per
1406 1072 1494 1159 quod

438 1177 480 1242 do
501 1177 597 1242 firma
619 1175 677 1242 illa
691 1174 787 1243 vobis
809 1198 830 1242 a
851 1179 941 1242 retro
964 1180 1015 1241 est
1038 1195 1161 1263 magne
1182 1175 1330 1264 pecunia
1346 1189 1493 1256 summa}

438 1280 479 1345 de
502 1299 567 1365 quo
590 1299 657 1345 non
689 1277 856 1344 immerito
888 1280 1045 1344 commoti
1078 1274 1189 1344 feristis
1221 1285 1255 1344 et
1286 1279 1373 1357 irati,
1396 1283 1495 1365 prout

437 1380 522 1447 sacri
553 1381 678 1446 oraculi
706 1381 811 1447 vestri
842 1381 937 1446 nobis
973 1379 1092 1446 directi
1123 1381 1274 1448 recitatio
1305 1377 1493 1446 declaravit.

484 1480 567 1563 Quae
581 1480 715 1569 quidem
729 1480 907 1547 commotio
922 1482 1011 1548 tanti
1031 1481 1188 1569 principis
1203 1503 1282 1570 erga
1297 1503 1357 1548 nos
1371 1483 1493 1569 absque

438 1585 547 1650 dolore
569 1584 717 1651 cordium
740 1584 876 1651 auribus
899 1585 1022 1650 nostris
1053 1606 1120 1650 non
1150 1585 1308 1664 insonuit,
1330 1603 1405 1650 curn
1433 1605 1494 1650 nos

437 1709 646 1775 nequaquam
687 1687 723 1752 in
764 1687 902 1775 tallagio
938 1691 997 1753 aut
1037 1687 1143 1753 firmae
1174 1693 1294 1755 vestrae
1327 1687 1494 1754 levatione

437 1789 577 1856 ballivos
597 1789 685 1878 ipsos
706 1789 864 1878 impedire
887 1788 1152 1877 cogitaverimus,
1175 1811 1237 1856 nec
1259 1789 1376 1856 ballivi
1391 1787 1494 1856 vestri

437 1915 458 1957 a
480 1892 683 1958 scholaribus
704 1913 763 1959 seu
785 1889 947 1958 ministris
969 1897 1092 1960 nostrae
1116 1892 1357 1960 Universitatie
1375 1893 1493 1959 husus·

438 2016 502 2081 quo
524 1995 658 2081 aliquod
694 1995 870 2081 tallagium
900 1995 1081 2083 exegerint,
1105 1999 1166 2060 aut
1195 1996 1327 2084 exigere
1361 2013 1494 2062 consus·

438 2097 569 2178 verint;
611 2118 671 2163 nec
701 2096 828 2187 ,ballivi
865 2096 978 2175 vestri,
1018 2101 1217 2185 congregata
1255 2098 1493 2178 Universitate,

438 2200 533 2266 nobis
571 2200 745 2277 ostendere
784 2201 1004 2288 [po]tuerunt,
1043 2199 1080 2264 in
1118 2223 1184 2286 quo
1221 2200 1263 2267 de
1300 2199 1396 2268 nobis
1434 2206 1494 2266 aut

438 2303 640 2368 scholaribus
662 2303 784 2368 nostris
804 2302 960 2389 conqueri
978 2303 1020 2368 de
1043 2303 1130 2368 facto
1153 2309 1342 2390 potuerunt,
1357 2309 1494 2391 excepto

437 2406 535 2470 unico
577 2404 717 2470 scholari
757 2410 915 2471 veterano
950 2405 1105 2471 lohanne
1137 2405 1278 2486 Auvere,
1315 2407 1373 2492 qui
1414 2406 1493 2472 dum

433 2507 548 2592 junior
577 2513 651 2572 erat
672 2513 707 2572 et
737 2558 897 2573 ......
923 2527 980 2573 cus
1003 2529 1040 2572 ac
1063 2513 1233 2588 mercator,
1258 2509 1347 2574 inter
1372 2513 1495 2576 ceteros

422 2602 481 2673 ¹de
504 2629 618 2674 corum
650 2609 785 2674 exstitit
816 2608 975 2696 collegio;
1005 2609 1064 2675 sed
1093 2609 1191 2688 idem,
1214 2631 1318 2676 uxore
1352 2616 1493 2693 mortua,

439 2711 483 2775 ad
505 2709 631 2798 frugem
655 2710 799 2776 melioris
821 2711 903 2776 vitae
926 2733 960 2776 se
983 2716 1187 2792 convertens,
1209 2735 1267 2800 per
1297 2717 1370 2780 octo
1392 2736 1495 2782 annos

440 2818 475 2877 et
497 2862 657 2878 ......
677 2812 895 2900 theologicam
919 2813 1049 2879 audivit
1072 2813 1272 2894 facultatem,
1287 2817 1494 2905 interimque,

441 2936 544 3001 usque
566 2915 673 2991 modo,
695 2914 870 3002 privilegio
893 2916 1091 2981 scholarium
1115 2923 1166 2984 est
1187 2918 1328 3006 gavisus.

487 3015 596 3096 Quare
618 3016 788 3101 majestati
810 3022 929 3083 vestrae
947 3018 1159 3087 devotissime
1180 3019 1401 3109 supplicamus
1416 3045 1495 3110 qua

275 3170 428 3217 mmm
441 3123 538 3183 tenus
557 3118 715 3205 gra[tiam
731 3118 986 3204 bene]volentiae
1000 3126 1129 3199 vestrm,
1146 3142 1245 3207 qnam
1269 3143 1397 3211 semper
1418 3146 1497 3213 erga

441 3240 501 3285 nos
536 3219 708 3297 habuistis,
738 3220 768 3285 si
798 3220 916 3308 placet,
943 3223 1184 3302 continuantes,
1211 3221 1343 3291 ballivis
1368 3229 1496 3305 vestris,

442 3323 478 3385 in
493 3340 634 3407 quorum
649 3326 814 3408 potestate
836 3328 887 3389 est
910 3322 1038 3391 firmam
1061 3328 1206 3391 vestram
1229 3325 1271 3393 ab
1294 3327 1407 3395 amicis
1429 3330 1495 3396 suis

443 3473 655 3488 ........
680 3424 1197 3513 exigeraautexectamponere
1223 3476 1230 3495 .
1256 3480 1261 3494 .
1287 3480 1293 3493 .
1322 3482 1328 3495 .
1357 3479 1364 3494 .
1390 3482 1397 3495 .
1425 3480 1431 3495 .
1457 3484 1493 3497 ..

443 3574 886 3591 ...............
905 3527 1029 3593 fuctum
1044 3532 1193 3595 nostrum
1208 3530 1244 3595 in
1259 3550 1325 3596 non
1340 3532 1495 3598 solvendo

443 3647 477 3689 se
502 3626 667 3690 voluerint
696 3648 858 3706 excusare,
884 3630 965 3715 ipsis
989 3630 1030 3694 de
1051 3634 1158 3696 cetero
1182 3650 1249 3697 non
1278 3634 1454 3713 eredentes,
1477 3656 1497 3699 a

444 3726 539 3793 nobis
561 3727 691 3793 devotis
706 3729 833 3807 vestris,
848 3731 905 3815 qni
928 3730 989 3797 snb
1005 3732 1067 3797 alis
1082 3737 1224 3799 vestrae.
1247 3785 1254 3799 .
1277 3785 1284 3798 .
1457 3790 1463 3802 .
1489 3789 1494 3801 .

444 3879 759 3896 ...........
782 3832 1022 3919 indignationis
1037 3840 1166 3914 vestrae,
1181 3836 1209 3901 si
1224 3836 1338 3923 placet
1354 3858 1498 3906 remove·

445 3932 511 3997 atis
533 3932 669 4009 aculeos,
703 3932 932 4000 demandando
959 3935 1090 4001 ballivis
1119 3937 1238 4004 vestris
1260 3940 1349 4025 qnod
1370 3941 1434 4027 ipsi
1456 3942 1497 4008 de

444 4042 551 4099 cetero
581 4082 811 4101 ........
837 4035 895 4101 rios
917 4038 1109 4103 autminus
1132 4088 1494 4110 ............

444 4188 790 4203 ............
814 4138 844 4202 is
874 4138 1104 4206 exactionibus
1134 4161 1201 4209 non
1231 4150 1414 4231 aggravent
1442 4147 1497 4212 vel

443 4236 625 4304 molestent.
672 4236 718 4303 Et
746 4243 787 4303 ut
807 4238 879 4306 haec
900 4242 1011 4307 omnia
1033 4242 1137 4331 magis
1159 4244 1196 4309 in
1225 4245 1297 4313 luos
1319 4247 1498 4316 clmeecant

444 4390 927 4409 ................
957 4344 1197 4412 Universitatis
1219 4348 1371 4437 nostrsae]
1395 4402 1404 4419 .
1426 4406 1432 4419 .
1459 4402 1464 4415 .
1488 4404 1495 4419 .

444 4492 1035 4511 ....................
1074 4448 1230 4515 duximus
1256 4454 1493 4541 apponendum.

444 4543 564 4609 Valeat
586 4544 746 4610 serenitas
769 4548 879 4611 vestra
902 4567 961 4632 per
984 4552 1133 4635 tempora
1155 4551 1310 4640 longiora
