3609 5800
459 828 524 890 108
601 838 714 890 novat
736 835 811 888 ann
835 838 952 888 ornan
975 834 1181 888 msroarcnr
1205 837 1354 888 armans

448 1014 613 1080 adventus
635 1016 816 1079 tractatum
844 1011 967 1077 habeat
998 1031 1096 1097 super
1128 1009 1311 1096 praemissis,
1342 1009 1502 1098 incipiens

448 1117 541 1182 velut
571 1139 592 1182 a
622 1115 833 1204 persuasione
866 1119 900 1178 et
934 1111 1094 1178 instantia
1131 1111 1217 1198 regis
1250 1112 1402 1180 Castellre
1435 1136 1502 1178 rne-

448 1225 582 1298 morata,
606 1221 705 1306 prout
738 1239 807 1282 sure
841 1214 1032 1281 discretioni
1054 1213 1223 1280 videbitur
1245 1215 1503 1282 'convenientius

447 1319 609 1407 expedire.

492 1421 563 1486 Nos
608 1443 687 1487 vero
732 1421 767 1486 in
817 1439 985 1485 occursum
1039 1417 1142 1484 vestri
1195 1423 1324 1485 nostras
1379 1419 1500 1500 literas,

446 1524 577 1610 plenam
599 1527 797 1610 potestatem
830 1520 935 1586 dictas
965 1524 1098 1608 treugas
1129 1541 1188 1608 per·
1219 1543 1278 1586 vos
1310 1525 1344 1586 et
1375 1521 1498 1587 dictum

446 1626 598 1691 comitem
636 1625 787 1712 capiendi
831 1644 871 1688 ac
915 1621 1069 1686 firmandi
1115 1621 1332 1700 continentes,
1374 1643 1501 1688 necnon

446 1733 481 1792 et
517 1728 662 1812 aliquem
696 1728 737 1792 de
773 1724 895 1790 nostris
934 1709 1126 1803 secretariis,
1165 1723 1234 1809 qui¹
1261 1729 1375 1790 nostra
1407 1724 1499 1790 vobis

446 1830 580 1916 negotia
617 1832 762 1915 exponat
800 1833 835 1894 et
872 1830 1021 1892 vestrum
1059 1826 1154 1891 nobis
1192 1825 1365 1891 consilium
1404 1847 1501 1914 super

445 1931 563 1996 iisdem
604 1931 732 2017 plenius
772 1929 902 2007 referat,
940 1927 1139 1993 instructum
1171 1927 1351 1992 mittemus.
1406 1928 1501 1993 Oete·

446 2054 519 2096 rum
554 2055 629 2097 cum
662 2054 722 2118 pro
756 2031 826 2096 filio
857 2036 970 2096 nostro
1000 2029 1165 2096 carissimo
1196 2029 1369 2106 Edward0‚
1402 2051 1499 2115 quem

446 2133 551 2199 tantis
589 2132 786 2198 sinceritatis
827 2130 1001 2198 affectibus
1042 2132 1121 2196 estis
1163 2131 1335 2220 prosecuti,
1372 2135 1500 2196 nostres

446 2257 541 2301 aures
564 2236 688 2300 totiens
709 2256 747 2300 ac
778 2240 847 2299 tam
879 2234 1046 2299 instanter
1069 2232 1191 2299 crebris
1214 2231 1499 2298 exhortationibus

445 2337 576 2403 intento
600 2337 695 2402 corde
717 2342 753 2402 et
782 2335 901 2424 spiritu
924 2335 1065 2400 sollicito
1096 2333 1259 2400 duxeritis
1288 2333 1501 2422 interpellan-

446 2441 524 2520 das3
554 2460 614 2505 nos
639 2440 711 2526 jam
745 2461 823 2526 erga
855 2460 915 2503 vos
947 2459 1015 2503 non
1049 2436 1169 2502 minori
1203 2435 1423 2502 sollicitudine
1446 2435 1500 2502 vel

444 2542 607 2607 insta-ntia
629 2543 671 2607 ob
694 2541 730 2607 id
751 2541 860 2627 ipsum
882 2539 1028 2605 securius
1051 2539 1197 2626 cogimur
1219 2531 1367 2604 laborare
1379 2563 1387 2619 ;
1418 2561 1500 2625 prae·

445 2645 555 2709 sertim
580 2667 655 2709 curn
677 2645 714 2708 in
736 2644 803 2709 suis
818 2642 954 2729 agendis
969 2647 1005 2707 et
1029 2641 1172 2706 consiliis
1193 2641 1318 2706 nullius
1336 2639 1499 2706 industria

445 2747 500 2811 vel
521 2747 665 2811 fidelitas
688 2745 753 2810 sibi
780 2745 860 2810 adeo
884 2748 923 2809 ut
945 2748 1058 2808 vestra
1089 2764 1157 2808 esse
1179 2742 1292 2808 valeat
1318 2741 1497 2821 fructuosa,

445 2851 561 2933 utpote
593 2847 650 2933 qui
683 2853 820 2934 propter·
840 2847 950 2913 varias
980 2865 1089 2912 rerum
1116 2849 1151 2910 et
1179 2849 1367 2931 temporum
1390 2848 1497 2909 muta-

446 2951 552 3015 tiones
574 2971 703 3015 necnon
725 2948 836 3015 aetatis
851 2971 920 3014 suae
935 2947 1146 3013 teneritatem
1163 2952 1198 3013 et
1213 2945 1280 3011 alia
1295 2968 1368 3032 quae
1389 2952 1499 3011 vestra

446 3053 597 3117 discretio
621 3051 748 3138 plenius
772 3051 1004 3138 compensabit,
1027 3070 1162 3114 suorum
1185 3049 1441 3135 propinquorum
1464 3054 1499 3113 et

446 3153 677 3219 benevolorum
704 3153 880 3240 praesentia
909 3158 943 3218 et
974 3151 1110 3217 consilio
1134 3150 1258 3236 absque
1279 3149 1433 3237 periculis
1463 3154 1498 3215 et

445 3255 617 3343 dispendio
639 3275 748 3320 cruere
770 3255 887 3341 nequit
916 3254 1069 3341 graviori.
1128 3252 1361 3319 Sinceritatern
1395 3252 1498 3337 igitur

445 3363 590 3422 vestram
614 3356 694 3421 totis
717 3356 890 3429 affectibus
913 3361 947 3421 et
977 3354 1147 3421 desideriis
1180 3354 1337 3419 duximus
1360 3376 1497 3420 exoran-

445 3461 530 3539 dam,
553 3465 592 3524 ut
621 3480 695 3524 cum
730 3460 771 3525 de
801 3458 953 3545 partibus
976 3456 1127 3523 Francius
1149 3480 1208 3523 vos
1240 3456 1389 3522 recedere
1422 3476 1497 3521 oon·

445 3562 560 3649 tigerit
583 3561 757 3646 adipsum
783 3561 816 3624 in
841 3560 991 3648 partibus
1014 3558 1073 3624 ubi
1096 3580 1185 3624 nunc
1207 3558 1278 3645 agit
1301 3558 1496 3636 accedentes,

445 3665 486 3729 de
516 3664 604 3728 fecto
626 3683 685 3727 suo
716 3668 751 3728 et
783 3662 854 3747 ejus
885 3662 1077 3727 adversione
1100 3660 1154 3727 vel
1186 3682 1278 3727 mora
1310 3682 1349 3726 ac
1381 3662 1497 3727 ceteris

445 3766 515 3851 ejus
540 3766 681 3851 negotiis
703 3770 738 3829 ct
760 3763 905 3851 agendis,
928 3768 1027 3851 prout
1050 3761 1259 3849 negotiorum
1282 3768 1317 3829 et
1340 3764 1497 3849 temporis

445 3867 587 3954 qualitas
601 3867 893 3953 expostulaverint,
908 3866 1084 3944 consulere,
1100 3865 1258 3942 ordinare,
1275 3886 1313 3930 ec
1326 3866 1497 3951 providere

443 3970 563 4046 velitis,
599 3976 724 4035 statum
754 3974 904 4035 vestrum
943 3974 977 4035 et
1014 3990 1087 4054 quae
1120 3990 1217 4054 super
1254 3966 1307 4033 his
1345 3967 1496 4033 omnibus

443 4072 592 4138 farciendo
615 4071 825 4138 decreveritis
847 4071 943 4137 nobis
965 4070 1188 4137 rescribentes

489 4175 586 4240 Teste
608 4195 684 4261 rege
706 4174 796 4261 apud
819 4174 1016 4261 Radingam,
1040 4172 1165 4241 decimo
1188 4172 1241 4239 die
1265 4173 1354 4239 Maii.

737 4506 1162 4519 m
