3609 5800
398 878 441 939 80
547 887 663 939 ROYAL
686 887 760 935 AND
783 887 901 936 ornan
924 886 1133 936 HISTORICAL
1157 886 1304 937 amaras

260 1094 272 1127 a
397 1062 548 1141 debeant,
573 1061 661 1147 quod
692 1060 758 1126 ista
786 1060 934 1148 capitulo
955 1056 1122 1127 addantur
1142 1062 1179 1126 in
1202 1061 1309 1127 literis
1337 1060 1453 1127 vestris

230 1146 308 1260 eruti
396 1165 437 1231 de
479 1164 652 1243 ⁰⁰1¹d¹10i113
699 1184 837 1249 quarum
870 1168 1017 1229 tenorem
1056 1164 1269 1229 cancellarius
1303 1164 1453 1228 invenire

395 1268 519 1353 poterit
548 1265 762 1331 irrotulatum
792 1265 828 1329 in
852 1264 972 1330 rotulis
1004 1266 1132 1343 vestris,
1164 1265 1318 1331 videlicet
1353 1265 1452 1351 quod,

296 1361 327 1395 ¹¹¹
395 1372 531 1456 propter
570 1368 694 1433 iactum
733 1366 869 1453 Regulae
907 1372 942 1433 et
978 1373 1113 1455 propter
1149 1367 1216 1433 alio
1252 1389 1341 1433 nova
1377 1388 1452 1453 quae

396 1474 601 1536 emerserunt
631 1470 668 1533 in
692 1469 844 1555 partibus
869 1468 960 1555 ipsis,
981 1475 1057 1556 post
1082 1468 1319 1535 confectionem
1342 1469 1453 1535 litera-

395 1596 470 1639 rum
509 1578 704 1651 vestrarum,
747 1570 827 1637 data
869 1572 1042 1637 literarum
1087 1578 1238 1637 mutetur
1283 1572 1319 1636 in
1364 1571 1452 1637 diem

396 1674 604 1740 Dominioam
639 1679 715 1761 post
751 1674 874 1739 festum
908 1674 939 1740 S.
974 1674 1090 1738 Albini
1121 1674 1273 1761 episcopi,
1305 1674 1449 1759 quodie

395 1776 542 1863 plenarie
586 1776 719 1841 firmata
763 1775 830 1841 fuit
869 1780 996 1862 treuga,
1038 1776 1093 1841 vel
1137 1776 1174 1841 in
1218 1798 1316 1861 quem
1360 1775 1449 1841 diem

395 1878 490 1944 vobis
520 1878 680 1965 placuerit
710 1882 793 1964 post
841 1877 929 1943 Item
951 1882 1073 1964 petunt
1095 1878 1184 1963 quod
1205 1883 1277 1944 tam
1299 1876 1363 1965 ipsi
1393 1877 1451 1963 qui

396 1980 440 2047 od
480 2002 539 2046 vos
577 1979 691 2045 venire
726 1980 845 2045 volunt
881 2001 943 2066 pro
979 1980 1123 2066 negotiis
1159 1979 1334 2066 praetactis,
1369 2000 1451 2064 quos

395 2082 579 2148 literatorie
610 2104 678 2147 non
699 2082 891 2162 mandastis,
911 2102 1061 2147 securum
1084 2081 1230 2147 habeant
1251 2080 1450 2146 conductum

396 2204 454 2270 per
490 2184 604 2249 literas
642 2187 777 2263 vestras,
802 2204 901 2269 quam
933 2183 997 2270 ipsi
1028 2183 1151 2268 quibus
1178 2183 1293 2248 literas
1323 2187 1451 2247 vestras

396 2287 571 2351 direxistis.

441 2388 529 2454 Item
559 2392 679 2475 petunt
711 2387 800 2474 quod
831 2386 984 2451 dominus
1013 2408 1120 2452 comes
1142 2386 1338 2471 leycestriae
1368 2406 1449 2473 prae-

394 2512 467 2555 sens
502 2490 607 2555 sitin
638 2488 763 2576 Anglia
793 2489 829 2553 in
862 2509 976 2554 eorum
1000 2489 1148 2554 adventu
1171 2509 1280 2554 coram
1303 2487 1407 2565 vobis,
1429 2509 1451 2551 a

393 2591 446 2656 die
470 2590 603 2657 Paschae
626 2590 662 2655 in
683 2612 787 2656 unum
810 2610 964 2666 mensem,
984 2589 1021 2654 in
1043 2589 1137 2675 cujus
1157 2590 1334 2676 praesentia
1355 2590 1450 2655 vobis

393 2699 518 2758 statum
554 2698 651 2759 terrae
684 2692 840 2757 intimare
871 2698 1066 2779 proponunt
1124 2691 1170 2758 Et
1202 2694 1231 2757 si
1261 2693 1297 2757 in
1329 2692 1449 2759 itinere

393 2817 508 2861 versus
532 2793 741 2860 Wasconiam
764 2793 819 2859 vel
848 2794 884 2857 iu
914 2793 989 2858 aliis
1010 2795 1145 2859 remotis
1167 2794 1318 2880 partibus
1339 2794 1447 2872 fucrit,

393 2899 507 2964 statim
531 2903 703 2963 revocetur
724 2893 768 2959 ad
790 2895 917 2961 dictum
943 2895 1031 2962 diem
1054 2918 1162 2962 coram
1184 2896 1298 2977 vobis;
1320 2896 1399 2982 quia
1420 2899 1448 2962 si

393 3000 495 3064 suerit
524 3000 561 3064 iu
596 2997 778 3076 Wasconia,
805 2999 861 3063 vel
890 3000 929 3064 in
961 2997 1081 3064 itinere
1114 2999 1194 3086 ipso,
1226 2998 1318 3064 nullo
1349 3001 1447 3064 modo

393 3099 538 3178 venient,
561 3104 600 3165 ut
629 3099 725 3166 nobis
748 3100 912 3165 dixerunt

345 3232 352 3243 ·
439 3202 526 3268 Item
548 3205 669 3288 petunt
691 3202 780 3287 quod
810 3201 873 3267 iste
903 3201 1066 3268 adventus
1089 3223 1200 3267 eorum
1230 3201 1268 3267 in
1290 3201 1446 3288 Angliam

394 3325 462 3368 non
485 3303 639 3369 trahatur
661 3303 707 3368 eis
730 3303 766 3368 in
788 3303 1066 3370 consuetudinem.

432 3405 518 3472 Item
550 3409 672 3493 petunt
706 3404 789 3470 alias
819 3405 932 3470 literas
963 3409 1090 3471 vestras
1119 3409 1274 3492 patentes
1307 3407 1349 3472 de
1372 3427 1446 3492 pro·

393 3508 536 3574 tectione
574 3507 715 3573 directas
752 3507 927 3573 senescallo
958 3513 994 3572 at
1030 3506 1164 3572 ballivis
1200 3507 1319 3572 vestris
1353 3507 1446 3572 Was

394 3610 505 3688 coniae,
551 3610 640 3696 quod
683 3613 933 3688 manuteneant,
972 3613 1151 3696 protegant
1191 3615 1226 3675 et
1265 3609 1445 3675 defendant

393 3717 506 3790 terras,
537 3714 660 3793 castro,
700 3709 859 3791 redditus,
898 3716 933 3776 et
962 3712 1179 3797 possessiones
1216 3733 1328 3776 eorum
1366 3713 1443 3776 dum

393 3813 517 3878 fuerint
552 3813 589 3876 in
622 3812 731 3878 eundo
764 3813 808 3877 ad
841 3833 910 3890 vos,
941 3813 1171 3877 commorando
1202 3818 1237 3877 et
1269 3812 1446 3889 redeundo,

394 3921 428 3981 et
461 3920 581 4002 petunt
615 3916 704 4000 quod
742 3915 849 3980 literae
891 3914 965 3980 istae
1010 3936 1085 3979 cum
1125 3913 1337 3980 festinatione
1367 3915 1444 3980 mit—

394 4023 509 4082 tantur
542 4017 578 4081 in
611 4038 779 4083 occursum
817 4017 865 4081 ais
898 4017 942 4081 ad
972 4016 1106 4082 domum
1140 4015 1268 4102 Templi
1301 4015 1445 4094 Parsia,

393 4119 446 4184 vel
480 4119 617 4185 alterius
648 4139 717 4184 non
751 4117 938 4204 procedent
985 4117 1055 4183 Sub
1092 4117 1154 4183 hac
1187 4124 1299 4182 autem
1331 4118 1444 4197 forma,

392 4223 614 4308 promiserunt
636 4222 724 4287 bona
746 4221 812 4285 fide
842 4241 954 4286 coram
985 4219 1087 4284 fratre
1116 4225 1227 4285 vestro
1257 4220 1371 4286 venire
1401 4221 1444 4285 ad

392 4346 451 4389 vos
484 4324 521 4388 in
555 4323 712 4410 Angliam
738 4343 851 4388 omnes
872 4320 1013 4408 praelati,
1034 4321 1181 4398 barones,
1202 4321 1388 4408 burgenses,
1412 4327 1447 4388 et

266 4469 269 4476 ι
393 4427 516 4512 singuli
546 4425 613 4490 fere
645 4425 703 4490 alii
738 4424 858 4510 quibua
892 4423 1060 4488 direxistis
1096 4421 1210 4487 literas
1243 4431 1380 4502 vestras,
1410 4431 1445 4488 et

393 4529 493 4593 etiam
516 4527 615 4592 multi
638 4527 696 4591 alii
719 4525 841 4612 quibus
863 4546 932 4589 non
962 4524 1130 4590 direxistis
1160 4525 1282 4603 literae,
1306 4531 1444 4613 excepto
1526 4551 1534 4562 ·

393 4631 527 4696 domiuo
552 4629 706 4712 Gnstona,
730 4629 787 4716 qui
811 4629 926 4695 mittet
955 4649 1016 4715 pro
1046 4650 1080 4692 se
1110 4650 1214 4692 unum
1237 4628 1379 4694 militem
1409 4636 1444 4695 ct
1547 4655 1553 4667 ·

392 4754 496 4797 uuum
519 4731 677 4796 clericum.
