3609 5800
436 874 688 930 rmnsrnsrrva
711 878 755 928 or
777 878 847 928 rsa
869 877 977 930 aaron
1000 883 1043 930 or
1067 879 1187 932 sarar
1209 881 1260 934 111.
1310 871 1374 940 167

775 1207 928 1282 DXLIV.

403 1353 552 1430 Rosam,
576 1353 709 1418 Bianor
732 1371 776 1418 or
799 1353 981 1432 Carmana,
1005 1371 1048 1420 ro
1072 1355 1202 1422 Hmrar
1226 1355 1291 1422 III.

682 1489 779 1556 (Royal
791 1489 897 1550 Iaetun,
910 1489 958 1541 No.
971 1494 1026 1556 ³5.)

369 1599 583 1668 Serenissimo
607 1601 749 1690 principi
772 1607 807 1668 et
832 1603 966 1669 domino
988 1605 1169 1670 reverendo
1185 1596 1375 1694 H[enrioo],
1388 1621 1478 1673 March
1492 1627 1530 1682 ro,

324 1703 388 1768 Dei
436 1704 546 1790 gratia
590 1706 660 1792 regi
705 1703 891 1792 anglorum
936 1703 1065 1786 illustri,
1111 1705 1251 1773 devotus
1298 1729 1376 1772 suus
1390 1694 1461 1740 '²⁶¹'

324 1805 529 1892 R[obertus]‚
570 1806 783 1892 permissione
820 1807 936 1873 divina
974 1802 1196 1874 Karleolonsis
1235 1807 1376 1876 eoelesiae

324 1906 474 1973 minister
509 1908 656 1990 humilis,
685 1909 825 1974 salutem
855 1915 890 1974 ot
930 1915 1120 1997 promptum
1149 1911 1192 1976 ad
1222 1911 1377 1998 obsequia

324 2009 527 2090 famulatum,
551 2032 625 2076 oum
648 2011 737 2075 omni
760 2009 946 2077 reverentia
968 2011 1093 2100 pariter
1115 2017 1149 2078 et
1171 2011 1302 2080 honore.

371 2111 456 2178 (lum
494 2113 648 2179 dominus
685 2113 826 2180 Thomas
864 2115 906 2179 de
945 2113 1078 2180 Multon
1114 2115 1297 2202 prioratum
1336 2116 1536 2186 deImkyour

325 2215 502 2282 Laneroost
517 2216 588 2302 jam
611 2238 815 2302 perannum
838 2216 1035 2304 etamplius
1056 2239 1115 2305 per
1137 2217 1207 2283 vim
1229 2217 1376 2284 laicalem
1389 2186 1544 2303 ifiddtss’ssffit

325 2314 471 2383 tenuerit
496 2323 699 2406 occupatum,
723 2318 773 2383 ita
795 2317 883 2405 quod
905 2340 966 2384 neo
987 2319 1082 2384 nobis
1104 2323 1164 2384 aut
1186 2319 1376 2386 officialibus
1388 2326 1432 2368 ‘⁰¹¹
1443 2319 1508 2396 *9¹1²

326 2419 446 2485 nostris
468 2421 511 2485 ad
533 2443 571 2486 ea
593 2420 809 2486 exeroendum
832 2443 906 2507 quaa
922 2419 1027 2486 officio
1042 2433 1156 2486 nostro
1170 2421 1375 2499 incumbunt,
1388 2385 1527 2502 lfflgl

325 2545 385 2587 neo
406 2521 507 2609 priori
529 2522 682 2607 ejusdem,
704 2545 802 2609 quem
830 2521 955 2588 ibidem
977 2522 1189 2609 praefecimus,
1212 2524 1255 2588 ad
1277 2523 1449 2590 curri-⁰⁰⁸¹·

325 2624 469 2711 gendum
499 2624 729 2690 canonicorum
759 2645 892 2690 suorum
923 2645 1080 2702 excessus,
1106 2645 1163 2689 seu
1193 2623 1236 2690 ad
1270 2624 1377 2713 dispo-

326 2725 471 2792 nendum
494 2726 535 2792 de
558 2725 763 2792 utilitatibus
785 2725 931 2812 ejusdem
958 2725 1123 2814 prioratus
1145 2725 1256 2813 aliquo
1279 2727 1377 2794 modo

326 2833 438 2916 patere
467 2833 578 2917 potest
606 2816 780 2917 imgressus,
809 2831 931 2894 vestrae
961 2827 1126 2915 majestati
1156 2827 1254 2917 regius
1288 2831 1378 2894 omui

326 2954 391 3019 qua
404 2954 575 3019 possumus
589 2930 766 2996 devotione
782 2926 953 2995 humiliter
969 2928 1197 3016 supplicamus,
1213 2936 1378 3017 quatenus

326 3034 510 3099 vioeoomiti
533 3029 796 3099 cumberlandiae
819 3031 937 3097 vestris
967 3031 1079 3096 velitis
1106 3030 1183 3097 dare
1209 3027 1313 3097 literis
1343 3034 1378 3099 in

326 3135 499 3212 mandatis,
522 3139 561 3199 ut
583 3135 654 3199 rim
675 3132 825 3199 laicalem
839 3155 860 3198 a
882 3132 1033 3220 prioratu
1056 3132 1215 3220 proedicto
1238 3134 1378 3200 auetori-

326 3242 395 3303 tate
417 3237 508 3324 regia
529 3237 663 3301 studeat
685 3256 858 3315 amovere3
883 3256 925 3300 ne
948 3234 1037 3301 loeus
1059 3234 1116 3299 ille
1138 3234 1253 3301 divino
1274 3232 1379 3301 cultui

326 3338 497 3424 dedicatus
518 3360 576 3426 per
598 3336 745 3403 laicalem
774 3334 986 3402 insolentiam
1009 3336 1149 3402 ulterius
1178 3334 1377 3424 profanetur.

325 3441 443 3515 Valeat
472 3446 507 3505 ot
529 3440 641 3527 vigeat
671 3438 868 3505 exeollentia
890 3442 1002 3505 vestra
1025 3437 1116 3525 regia
1141 3458 1200 3523 per
1230 3441 1379 3525 tempora

326 3542 358 3607 lo
405 3540 482 3609 ‘ora

358 3564 499 3710 nillatum
544 3642 633 3729 apud
670 3640 802 3707 Bellum
843 3637 975 3719 Locum
1014 3644 1108 3707 sexto
1147 3638 1222 3707 idus
1255 3638 1379 3719 Martii,

324 3766 412 3811 anno
434 3744 572 3811 Domini
593 3743 768 3810 millesimo
791 3742 1015 3809 ducentesimo
1039 3742 1241 3831 sexagerimo
1264 3742 1379 3829 primo,

325 3852 360 3913 et
380 3848 592 3935 pontificatus
614 3846 719 3912 nostri
742 3866 831 3911 anno
853 3846 979 3931 quinto.

370 3946 513 4015 Domino
535 3949 606 4035 regi
628 3946 760 4035 Angliss
782 3946 914 4012 illustri.
