3609 5800
487 882 551 942 238
644 893 759 942 noran
781 894 855 941 ann
879 896 994 941 ornnn
1018 894 1224 942 nrsronrcan
1247 895 1392 943 annuens

486 1086 673 1145 nostrorum
696 1086 730 1144 et
753 1087 939 1145 vestrorum
955 1082 1089 1146 rebellio
1120 1088 1154 1147 et
1184 1082 1328 1147 insultus
1359 1082 1478 1147 fortius
1508 1086 1543 1145 et

485 1183 611 1260 melius,
635 1182 818 1268 adjuvante
842 1182 994 1260 Domino,
1017 1184 1247 1269 reprimantur.

529 1283 575 1347 Et
598 1284 677 1371 quia
699 1307 719 1348 a
741 1285 861 1350 dilecto
884 1290 919 1350 et
941 1284 1031 1349 fideli
1053 1292 1166 1351 nestro
1190 1286 1399 1372 H[umf1ido]
1423 1286 1541 1351 comite

484 1385 696 1465 Herefordiae‚
730 1409 827 1472 quem
860 1388 1070 1474 capitaneum
1104 1388 1201 1453 vobis
1236 1411 1304 1453 esse
1338 1387 1539 1467 volebamus,

478 1487 550 1573 jam
583 1490 766 1576 accepimus
803 1490 892 1574 quod
927 1490 967 1555 de
999 1512 1059 1555 sua
1092 1490 1265 1555 debilitate
1299 1490 1404 1570 timet,
1440 1513 1539 1576 quam

483 1590 606 1657 scilicet
629 1592 748 1657 habere
775 1592 860 1657 solet
890 1596 1038 1679 tempore
1075 1592 1358 1679 quadragesimali,
1394 1594 1539 1679 ossigna-

483 1694 591 1757 vimus
613 1693 708 1758 vobis
730 1694 938 1786 capitaneum
964 1694 1138 1780 praelatum
1162 1696 1185 1761 J
1188 1695 1351 1761 ohannem
1377 1696 1418 1760 de
1450 1695 1539 1779 Grey

483 1796 552 1860 loco
575 1796 704 1862 comitis
727 1796 888 1882 praedicti,
913 1797 965 1861 cui
988 1797 1202 1865 intendentes
1225 1798 1298 1863 sitis
1325 1802 1360 1862 et
1383 1796 1540 1863 facientes

482 1920 556 1983 quae
579 1898 649 1984 ipse
671 1899 767 1964 vobis
799 1899 954 1985 injunget
986 1922 1028 1964 ex
1059 1904 1151 1985 parte
1184 1910 1304 1965 nostra.
1368 1898 1410 1965 In
1437 1898 1536 1985 cujus,

482 2005 540 2064 etc
586 2000 683 2065 Teste
706 2004 745 2064 ut
768 2022 875 2087 supra.

527 2102 652 2167 Eodem
688 2103 786 2167 modo
823 2103 981 2168 scribitur
1020 2104 1148 2190 Regem
1186 2104 1227 2169 de
1266 2104 1398 2171 Mortuo
1443 2105 1536 2179 Mari,

481 2204 630 2269 Johanni
654 2204 743 2269 Filio
765 2204 876 2285 Alani,
900 2205 1035 2272 Tlromae
1060 2206 1191 2287 Oorbet,
1216 2212 1250 2272 et
1280 2208 1355 2273 eliis
1385 2206 1537 2272 fidelibus

481 2306 567 2392 regis
589 2307 678 2394 apud
701 2307 877 2373 Ludelawe
899 2308 936 2371 in
960 2307 1085 2373 octabis
1108 2307 1353 2374 Purificationis
1369 2309 1405 2373 B.
1423 2308 1536 2374 Mariae

480 2408 524 2472 ad
545 2409 616 2494 ejus
638 2411 833 2475 mandatum
856 2412 1067 2475 conventuris
1098 2433 1202 2497 usque
1231 2410 1305 2477 ibi:
1340 2410 1385 2475 Et
1415 2412 1493 2497 qnia
1518 2434 1539 2475 a

481 2511 601 2577 dilecto
623 2516 659 2577 et
679 2512 770 2577 fideli
799 2518 913 2578 nostro
937 2512 1145 2600 H[umfrid0]
1176 2513 1294 2579 comite
1326 2512 1538 2591 Heresordiae,

481 2619 561 2694 etc;
584 2634 659 2678 eum
681 2614 748 2679 isto
769 2614 974 2699 adjectione:
1001 2615 1063 2681 Oui
1086 2616 1129 2679 ad
1143 2616 1215 2681 haec
1229 2616 1442 2681 intendentes
1464 2616 1537 2681 sitis

481 2721 516 2781 et
549 2715 757 2794 auxiliantes,
788 2718 888 2783 fidem
923 2718 987 2783 eibi
1018 2718 1096 2784 inde
1119 2718 1315 2785 adhibentes
1349 2719 1538 2805 pleniorem.

482 2817 528 2883 Et
551 2824 631 2883 sunt
652 2824 811 2906 petentes.

776 3053 1209 3062 ——ffl-

942 3231 1076 3297 DXOV.

752 3377 884 3442 Hanni
908 3377 975 3443 III.
997 3395 1041 3442 ro
1064 3377 1172 3443 Lours
1196 3377 1256 3443 IX.

682 3516 753 3578 (liet
766 3515 850 3568 Cleua.
861 3520 892 3566 47
906 3517 971 3568 Hen.
984 3517 1042 3578 111„
1053 3519 1143 3568 memb.
1158 3522 1188 3566 12
1199 3517 1227 3566 in
1239 3518 1335 3582 dorso.)

314 3650 412 3711 Feb.5‚
528 3634 612 3720 Regi
635 3634 786 3700 Franciae
818 3657 878 3700 rex
912 3636 1062 3715 salutem,
1094 3640 1128 3700 et
1159 3635 1256 3700 fidele
1289 3656 1416 3721 semper
1447 3635 1539 3700 obse·

318 3723 389 3768 ¹²⁶³
484 3736 607 3821 quium,
632 3759 706 3802 cum
729 3736 952 3804 dilectione'
928 3760 1060 3803 sincera.

315 3845 417 3897 werre
529 3839 616 3920 Quia
654 3839 773 3904 scimus
810 3861 870 3905 vos
907 3840 992 3905 velle
1031 3840 1073 3905 de
1110 3844 1200 3906 statu
1238 3844 1354 3906 nostro
1391 3861 1537 3906 rumores

315 3912 470 4044 1,ssssth
416 3980 446 4029 of
482 3943 597 4008 audire
628 3942 747 4022 felices,
770 3943 946 4008 serenitati
969 3947 1090 4008 vestrae
1122 3939 1280 4008 duximus
1311 3944 1537 4010 intimandum

315 4045 410 4163 Εῐεῒεζ
411 4045 572 4161 nwdquod
604 4044 684 4110 licet
715 4045 875 4110 hactenus
909 4044 1005 4130 gravi
1038 4044 1196 4110 fuerimus
1227 4045 1425 4130 aegritudine
1455 4068 1537 4132 prae·

315 4111 379 4241 voye
367 4128 427 4228 „rto”
429 4141 622 4234 gravati,
647 4169 817 4234 speramus
840 4153 955 4212 temen
989 4147 1025 4212 in
1058 4147 1208 4234 proxime
1231 4148 1274 4213 ad
1297 4152 1422 4214 statum
1445 4171 1536 4235 pros·

315 4258 374 4310 5⁰¹¹·
483 4273 607 4338 pamm,
647 4257 781 4316 auctore
814 4250 968 4327 Domine,
1001 4251 1147 4316 recreari:
1194 4250 1294 4316 Unde
1326 4252 1536 4318 serenitatem

481 4358 627 4418 vestram
666 4373 820 4438 rogamus
859 4355 1024 4436 quatenus
1062 4357 1188 4418 statum
1233 4357 1391 4433 vestrum,
1437 4375 1535 4440 quem

482 4476 608 4542 semper
631 4474 823 4542 prosperum
846 4458 882 4519 et
898 4453 1080 4538 jocundum
1104 4477 1173 4520 esse
1196 4461 1413 4542 peroptamus,
1429 4456 1534 4536 nobis,

479 4557 508 4621 si
530 4557 647 4643 placet,
662 4557 848 4644 significare
863 4555 984 4634 velitis,
1001 4579 1070 4622 una
1093 4579 1166 4623 cum
1189 4561 1308 4625 vestrae
1331 4559 1536 4646 beneplacito

480 4659 672 4738 voluntatis,
697 4658 786 4744 quod
808 4658 928 4724 libenti
951 4659 1063 4726 enirno
1098 4681 1158 4746 pro
1193 4683 1286 4746 posse
1309 4666 1421 4726 nostro
1444 4683 1536 4726 cura-

481 4759 592 4824 bimus
617 4761 803 4846 adimplere.
