3609 5800
441 906 697 958 rmus‘rusrrvs
718 908 762 956 or
785 908 855 956 rrrs
878 909 985 959 nmen
1008 910 1051 957 or
1074 910 1195 959 usrnr
1217 912 1265 961 111.
1313 896 1377 965 279

334 1082 520 1169 Wytsaund
543 1083 578 1146 in
601 1083 727 1147 octabis
749 1084 907 1149 instantis
930 1084 1005 1149 festi
1030 1084 1062 1150 S.
1087 1084 1225 1151 Martini
1247 1088 1379 1153 obvium

324 1186 431 1250 nostri
452 1207 562 1250 amore
584 1185 648 1249 sibi
670 1186 820 1251 mittatis

368 1286 465 1352 Teste
501 1309 577 1374 rege
617 1287 707 1374 opud
745 1286 1085 1367 westmonasterium,
1124 1290 1289 1356 tricesimo
1327 1293 1380 1357 dic

351 1885 558 1964 Miserum,
583 1884 763 1952 Ocurrrss
785 1902 829 1951 or
852 1886 1040 1951 Fruunsus
1061 1902 1135 1952 usn
1159 1886 1356 1965 Horreum,

710 2006 753 2053 ru
776 1988 907 2054 Hmrr
930 1987 992 2055 III.

678 2128 776 2195 (Royu
787 2130 892 2189 Letten,
903 2128 953 2181 No.
968 2132 1035 2194 1³³.)

373 2246 658 2313 Excellentissimo
680 2247 813 2312 domino
835 2268 894 2312 suo
919 2246 1072 2326 Heurico,
1094 2246 1157 2312 Dei
1179 2248 1288 2333 grstia
1310 2248 1380 2335 regi
1391 2260 1457 2311 nov.
1473 2268 1510 2323 ιο,

328 2348 468 2435 mgrrae,
502 2349 637 2415 domino
671 2349 852 2430 mser-nie,
888 2370 926 2414 uo
959 2348 1035 2414 suu
1073 2348 1275 2434 Aquitanis,
1310 2350 1379 2435 ejus
1394 2334 1465 2379 ¹2⁶⁴·

326 2452 431 2516 fidelis
454 2453 696 2539 consanguinee
718 2451 916 2537 Margareta,
942 2451 1107 2517 Flandriae
1131 2456 1165 2517 et
1192 2452 1379 2537 Haynonise

325 2556 498 2633 comitisse,
531 2556 680 2634 satutem,
716 2562 750 2622 et
780 2578 854 2621 cum
887 2557 977 2621 omni
1015 2554 1278 2642 promptitudine
1315 2576 1380 2620 ser-

325 2659 437 2724 viendi
460 2664 610 2746 parntem
629 2658 671 2723 sd
688 2659 758 2744 ejus
780 2658 986 2745 beneplacita
1007 2658 1224 2722 voluntotem.

369 2760 638 2827 Dominstionem
675 2766 819 2827 vestram
853 2762 935 2825 alius
977 2760 1164 2847 rogavimus
1202 2763 1237 2825 et
1272 2760 1459 2833 edhucPray
1472 2784 1527 2833 pre

325 2865 464 2930 attentis
486 2864 636 2951 precibus
657 2865 856 2950 requirimus
870 2869 906 2930 et
923 2884 1085 2950 rogamus,
1110 2866 1272 2950 quatenus
1294 2884 1379 2929 mer·
1391 2841 1540 2955 &goffia

325 2968 489 3032 catoribus
511 2989 548 3032 ac
570 2967 789 3052 burgensibus
812 2968 932 3032 nostris
948 2966 1204 3032 Flsndreusibus
1220 2967 1256 3031 in
1278 2987 1379 3054 regno

324 3073 435 3134 vestro
450 3071 581 3156 Anglise
596 3071 817 3135 existentibus
839 3071 875 3133 iu
897 3069 1093 3155 corporibus,
1110 3068 1213 3148 bonis,
1229 3074 1264 3135 et
1282 3069 1381 3134 rebus

325 3194 363 3235 ac
384 3173 527 3236 navibus
549 3173 617 3238 suis
639 3172 832 3236 violentiam
864 3194 921 3236 seu
944 3171 1101 3257 injurium
1133 3170 1245 3236 inferri
1274 3173 1382 3236 nulls·

325 3279 423 3339 tenus
444 3275 655 3361 permittatis,
679 3276 766 3362 ipsos
788 3281 823 3339 et
844 3276 932 3338 bona
954 3291 992 3338 sc
1014 3273 1245 3338 mercandisias
1268 3296 1380 3339 eorum

325 3377 362 3439 in
390 3397 492 3462 regno
521 3381 631 3442 vestro
663 3396 772 3440 amore
803 3377 866 3440 Dei
896 3380 931 3440 et
966 3375 1073 3440 nostri
1103 3375 1315 3440 defendentes
1346 3382 1381 3442 et

325 3479 456 3543 defendi
471 3479 637 3559 facientes,
654 3484 688 3545 et
703 3479 899 3564 prsebentes,
915 3478 944 3542 si
959 3478 1074 3564 placet,
1090 3499 1183 3562 opem
1199 3483 1234 3542 et
1249 3500 1379 3564 operam

325 3581 498 3645 efficaciter
519 3581 562 3646 ad
584 3581 654 3658 hoc,
676 3586 716 3646 ut
739 3581 836 3646 dictis
858 3579 1096 3646 mercatoribus
1111 3602 1148 3644 sc
1162 3579 1380 3666 burgensibus

324 3683 360 3746 in
390 3683 486 3748 bonis
516 3689 551 3747 et
580 3683 677 3748 rebus
709 3685 777 3748 suis
807 3682 908 3746 eundi
940 3703 997 3770 per
1031 3703 1169 3770 regnum
1192 3683 1323 3768 Angliae
1346 3689 1380 3748 ct

323 3785 517 3872 negotiandi
547 3807 585 3853 ac
606 3785 650 3849 sd
680 3790 802 3850 terrem
831 3789 979 3849 nostram
1009 3783 1169 3850 redeundi
1202 3783 1304 3849 libere
1335 3785 1379 3850 sit

323 3887 471 3968 facultas,
493 3891 627 3953 tontum
649 3886 727 3951 inde
758 3886 915 3952 facientes
937 3891 977 3952 ut
999 3907 1109 3973 preces
1131 3889 1259 3951 nostras
1290 3887 1380 3974 apud

323 3993 467 4054 vestram
491 3988 720 4055 excellentiam
744 3987 808 4052 sibi
831 3989 979 4053 sentient
1001 3987 1152 4053 valuisse.

368 4091 422 4155 Ad
452 4090 524 4157 haec
549 4113 627 4156 vero
657 4111 718 4154 vos
747 4089 830 4154 scire
854 4089 1007 4155 volumus
1032 4089 1120 4176 quod
1142 4089 1378 4155 mercatoribus
1391 4099 1523 4178 Yoursro-

323 4194 444 4258 vestris
482 4193 614 4278 Angliae
652 4191 845 4256 violentiam
877 4192 1022 4277 aliquam
1061 4214 1119 4255 seu
1148 4189 1302 4276 injuriam
1341 4193 1377 4257 in
1388 4181 1529 4284 ffissm'

323 4295 512 4382 corporibus
527 4299 587 4359 out
608 4293 706 4358 rebus
721 4315 780 4357 seu
801 4293 898 4358 bonis
920 4295 956 4356 in
971 4297 1060 4358 terra
1074 4289 1190 4356 nostra
1205 4315 1376 4378 nunquam
1389 4298 1454 4350 here.

322 4396 529 4484 permisimus
552 4418 609 4461 seu
631 4396 854 4482 permittimus
868 4395 1018 4482 irrogari,
1034 4393 1120 4459 sicut
1135 4415 1193 4458 vos
1216 4393 1376 4460 credimus

322 4521 391 4564 non
414 4497 525 4564 latere.

369 4600 497 4666 Datum
520 4622 607 4665 anno
631 4600 769 4664 Domini
793 4599 966 4663 millesimo
993 4600 1216 4665 ducentesimo
1242 4621 1375 4687 sexage-

324 4704 407 4769 simo
423 4711 550 4790 quarte,
567 4703 620 4768 die
636 4704 738 4768 Lunru
762 4707 840 4767 unte
863 4703 985 4766 festum
1003 4703 1033 4766 S.
1052 4701 1190 4767 Martini
1206 4703 1374 4790 hyemalis.
