3609 5800
439 900 481 961 98
593 910 707 959 noran
730 910 801 959 arn
825 909 941 959 ornan
963 909 1170 959 msuonrcan
1194 907 1342 957 narrans

438 1105 470 1151 x.
494 1105 517 1149 s.
570 1082 622 1149 De
645 1082 743 1150 Petro
759 1083 886 1171 Ogereo
901 1084 948 1169 vj.
964 1082 1052 1148 dolia
1073 1082 1115 1148 dc
1138 1082 1314 1168 emptione.
1355 1078 1493 1147 Summa

438 1186 483 1253 ix„
498 1185 534 1251 ii.
570 1184 621 1251 De
637 1184 785 1253 Emerioo
801 1186 934 1253 Derane
947 1207 980 1251 v.
996 1184 1085 1251 dolis
1100 1184 1141 1249 de
1156 1183 1331 1269 emptione.
1356 1180 1495 1247 Summa

440 1287 497 1373 vij.
533 1288 569 1355 ri.
603 1309 634 1355 x.
669 1309 693 1355 s
754 1288 806 1355 De
829 1287 997 1354 Willelmo
1032 1287 1074 1352 de
1109 1286 1221 1373 Burgo
1252 1286 1300 1372 iij.
1333 1283 1422 1351 dolia
1455 1282 1495 1346 de

440 1491 485 1557 ix.
519 1490 608 1557 dolia
648 1492 691 1558 de
727 1492 903 1579 emptione.
966 1490 1106 1559 Summa
1138 1490 1209 1577 xiij.
1237 1488 1273 1555 ii.
1306 1511 1340 1555 n
1370 1510 1399 1553 s.
1442 1485 1493 1550 De

442 1592 640 1678 Rsymundo
671 1592 832 1659 willelmi
858 1594 882 1680 j.
914 1592 1042 1660 dolium
1072 1592 1113 1658 de
1136 1592 1315 1679 emptione,
1338 1596 1373 1657 et
1397 1589 1422 1674 j.
1454 1587 1496 1652 ad

443 1698 568 1759 rectam
590 1695 722 1781 prisam.
760 1696 901 1763 Summa
922 1696 983 1761 is
1005 1716 1064 1782 per
1084 1694 1122 1761 Ρ.
1138 1694 1274 1780 Peyme

489 1796 627 1863 Summa
657 1796 820 1865 doliorum
855 1798 947 1865 ccvii.
992 1796 1130 1866 Summa
1153 1797 1267 1865 totalis
1290 1794 1498 1861 denariorum

445 1897 587 1983 cclxxiij.
602 1896 637 1963 ii.

757 2134 1184 2143 w

859 2326 1096 2395 OOOOXOVI.

471 2464 583 2533 Huen
606 2484 650 2532 on
673 2466 726 2534 Su.
751 2466 936 2534 Enuurn’s
958 2484 1001 2533 ro
1024 2466 1191 2533 Wnnmu
1214 2480 1257 2529 or
1281 2462 1483 2539 unacum,
1610 2449 1616 2461 “

856 2568 1098 2636 Onaucnnmn

793 2705 890 2773 (noya
900 2706 1008 2767 racem
1018 2705 1067 2758 ra
1080 2708 1150 2771 6⁰1.)

282 2829 342 2880 seb.
355 2834 394 2891 21,
496 2814 576 2879 Viro
617 2815 799 2881 venerabili
834 2821 869 2883 eb
907 2816 1048 2883 discreto
1078 2816 1236 2904 magistro
1265 2813 1432 2881 Willelmo
1460 2813 1501 2878 de

285 2901 354 2948 ¹²⁵³*
452 2915 634 3002 Kilkenny,
657 2917 783 2984 domini
805 2920 891 3006 regis
913 2919 1118 2998 cancellario,
1149 2918 1252 3006 Hugo
1281 2917 1323 2983 de
1352 2917 1384 2985 S.
1415 2916 1503 2980 Eod-

451 3017 583 3097 mnndo,
605 3019 780 3086 canonicus
803 3021 995 3103 lundoniae,
1018 3023 1159 3089 amntem
1174 3022 1213 3088 in
1235 3020 1380 3086 Domino
1394 3041 1500 3105 semp

447 3120 598 3186 ibernam.

283 3246 380 3296 nouere
495 3221 638 3290 Noverit
677 3223 830 3290 diemeiio
861 3232 973 3292 vestre
1004 3225 1189 3293 Robertnm
1214 3225 1327 3303 Lucre,
1360 3206 1508 3290 latorem

282 3313 365 3428 ἓξὲξ
372 3311 422 3428 ff
450 3326 672 3410 proeseutium,
696 3327 750 3392 die
773 3326 948 3393 Dominica
977 3327 1130 3415 proxima
1159 3331 1238 3394 ante
1259 3326 1503 3392 Annunciaiio

283 3459 359 3495 crosa
449 3447 526 3492 nem
549 3427 585 3494 B.
612 3427 728 3495 Murice
742 3429 890 3516 Virginis
912 3452 1002 3496 anno
1024 3430 1162 3498 Domini
1184 3429 1359 3496 millesimo
1383 3429 1502 3494 dueen-

283 3510 431 3640 ffffoegffl
450 3530 567 3595 iesimo
589 3531 860 3619 quinquagesimo
883 3533 1027 3600 secundo
1049 3534 1183 3620 signum
1213 3533 1318 3599 mucis
1344 3532 1502 3618 recepisse

282 3644 383 3707 agnino
449 3631 512 3697 sub
541 3631 602 3698 hac
637 3635 751 3712 forma,
790 3635 954 3714 videlicet,
985 3637 1074 3722 quod
1103 3635 1238 3701 Terram
1268 3635 1427 3702 Sanctum
1465 3634 1502 3698 in

282 3709 414 3761 ΝΜ·
449 3735 594 3820 generali
616 3737 864 3824 passagiorum
889 3738 1024 3804 domino
1046 3759 1124 3824 rege
1146 3738 1363 3825 personaliter
1384 3735 1501 3815 adibit,

450 3836 504 3902 vel
534 3841 668 3903 iunium
701 3839 796 3905 dabit
826 3841 867 3906 de
897 3861 958 3906 sno
987 3841 1023 3905 in
1057 3840 1156 3907 diotre
1188 3845 1287 3908 terne
1319 3838 1503 3906 subsidium

450 3945 613 4025 quantum
645 3947 730 4008 esset
765 3963 979 4030 expensurns,
1018 3943 1047 4008 si
1084 3943 1171 4009 forte
1209 3965 1285 4010 casu
1322 3942 1503 4029 impeditus

449 4043 610 4128 proficisci
631 4065 699 4110 non
721 4045 831 4131 possit.
887 4045 1021 4111 Placeat
1043 4045 1147 4132 igitur
1168 4051 1289 4112 vesirae
1311 4045 1502 4111 discreiioni

450 4145 576 4210 dictum
597 4147 858 4234 crucesignatum
881 4147 919 4212 in
940 4147 1050 4234 gratia
1064 4169 1122 4234 per
1144 4147 1258 4214 literas
1273 4146 1400 4214 domini
1414 4146 1502 4234 regis

450 4247 682 4334 crucesignatis
705 4253 819 4315 contra
841 4248 977 4315 Judaeos
1007 4271 1158 4317 concessa
1180 4249 1276 4316 tueri
1338 4248 1381 4314 In
1410 4249 1503 4335 cujus

449 4349 496 4413 rei
518 4349 747 4417 testimonium
769 4350 987 4440 praesentibus
1016 4351 1165 4439 sigillum
1192 4357 1343 4419 nostrum
1367 4350 1503 4417 fecimus

450 4469 580 4536 uppem.

496 4551 624 4620 Datum
646 4553 834 4633 Londoniae‚
851 4576 939 4621 nono
953 4553 1111 4622 kalendas
1127 4556 1250 4636 Martii,
1266 4577 1354 4622 anno
1370 4554 1504 4622 Domini

451 4652 626 4721 millesimo
648 4656 870 4724 ducentesimo
893 4657 1164 4747 quinquagesimo
1185 4659 1294 4725 tertio.
