3609 5800
724 873 905 928 APPENDIX
930 877 967 928 11.

718 1317 906 1384 Anieseis
929 1318 976 1384 II.

801 1487 890 1502 tufi-

404 1589 578 1648 Dcccusms
596 1605 736 1648 nuituis
754 1605 788 1648 nc
808 1591 903 1648 Smcs
921 1605 959 1647 ns
976 1591 1140 1658 Mosnrom,
1161 1591 1243 1648 Eiet
1260 1609 1294 1648 or

762 1675 929 1732 Lnicnensn.

795 1793 854 1852 No.
879 1795 905 1852 1,

602 1924 674 1986 (Rot.
687 1921 743 1974 Pet.
757 1928 785 1972 21
800 1923 866 1974 lien.
878 1921 937 1984 m,
947 1922 1038 1972 memb.
1054 1925 1090 1984 7.)

358 2029 420 2087 Rex
439 2031 573 2087 omnibus
592 2031 630 2087 ad
648 2049 720 2103 qnos
738 2035 897 2103 praesentes
916 2030 1012 2086 literae
1024 2029 1220 2101 pervenerint,
1241 2029 1375 2087 salutem.
1390 2041 1546 2094 concinet.

361 2115 466 2172 Sciatis
486 2115 564 2187 quod
582 2115 811 2187 assignationem
828 2122 859 2172 et
870 2114 1081 2170 ordinationem
1099 2132 1187 2187 quam
1205 2115 1330 2172 dilectus
1349 2112 1409 2171 etA
1498 2116 1539 2158 ent

324 2197 419 2256 seen
437 2207 537 2256 noser
556 2199 658 2256 simon
676 2200 712 2256 <10
731 2199 832 2256 none
845 2199 929 2255 sore
946 2198 1018 2256 fecit
1035 2198 1071 2254 ee
1091 2198 1225 2254 euentu
1244 2197 1328 2254 tibris
1347 2163 1490 2260 stite

325 2283 430 2354 quibus
461 2279 656 2357 R[enulphc],
688 2283 789 2339 comiti
816 2281 939 2340 Oestriae
970 2290 1000 2338 et
1026 2281 1196 2349 Linoolniae,
1225 2284 1378 2339 tenebatur

323 2365 450 2440 P[etro]‚
471 2369 539 2424 dnoi
558 2367 727 2435 Britannia,
742 2374 772 2424 ct
791 2385 863 2439 quas
882 2369 993 2440 absque
1011 2369 1162 2424 occasione
1180 2368 1377 2424 concessimus

322 2449 443 2508 liberari
461 2451 557 2508 eidem
575 2453 644 2508 duci
655 2451 703 2509 vel
715 2457 795 2508 certo
813 2452 920 2508 nnncic
932 2469 986 2508 sno
1002 2469 1171 2524 parmenus
1190 2459 1378 2509 executorem

323 2535 457 2607 predicti
476 2537 601 2602 comitis,
616 2542 710 2592 ratam
730 2543 760 2592 ct
778 2541 893 2609 gratam
911 2535 1053 2592 hebemus
1067 2537 1228 2592 secundum
1245 2544 1378 2594 tenorem

324 2617 476 2676 literarum
504 2639 575 2693 ques
603 2619 682 2676 idem
702 2619 804 2677 Simon
829 2621 893 2676 fleri
922 2621 994 2677 fecit
1016 2621 1157 2692 predicto
1175 2621 1251 2677 duci.
1290 2623 1378 2678 Teste

323 2719 395 2776 rege
413 2711 447 2761 ut
463 2721 555 2777 supi-e
573 2701 665 2777 [apud
683 2703 988 2771 westmonasterium,
1009 2705 1135 2777 septimo
1152 2705 1201 2761 die
1220 2703 1328 2776 Junii].

798 2925 855 2987 No.
878 2928 907 2987 2.

614 3048 684 3112 (uos
696 3048 753 3099 Pet.
766 3054 797 3099 82
810 3050 876 3101 Hen.
889 3050 948 3110 111„
960 3051 1050 3101 memb.
1063 3054 1100 3116 3.)

361 3158 425 3219 Rex
442 3160 587 3228 omnibus,
608 3166 676 3229 otc„
697 3162 831 3218 salutem.
1391 3180 1541 3236 Amatam

362 3246 469 3303 Sciatis
496 3245 573 3319 qnod
600 3245 636 3301 de
668 3246 838 3320 quingentis
865 3247 974 3303 marcis
1006 3266 1079 3319 quas
1105 3248 1241 3306 dedimus
1272 3247 1508 3342 dileecol'srffl

326 3331 437 3389 sororio
450 3337 480 3388 et
492 3329 571 3387 fideli
582 3336 683 3387 nostro
697 3330 809 3387 Simoni
822 3330 858 3389 de
870 3331 971 3387 Monte
984 3332 1077 3399 Porti,
1086 3334 1187 3390 comiti
1199 3334 1378 3402 leicestrie,
1392 3310 1435 3351 pm
1509 3330 1514 3341 '

324 3414 481 3472 reddemus
499 3416 527 3470 ei
545 3414 582 3471 ad
601 3414 780 3471 scaccarium
804 3420 939 3471 nostrum
958 3416 1080 3473 Pasohoe
1098 3436 1183 3483 anno,
1203 3423 1271 3485 otc„
1291 3420 1378 3475 trice-

326 3498 400 3556 simo
417 3500 506 3556 tertio
524 3500 663 3557 ducentas
682 3506 712 3556 et
730 3498 945 3573 quinquaginta
961 3518 1084 3557 mercae.

360 3584 397 3641 In
415 3584 510 3657 cnjus,
524 3590 579 3641 etc.
617 3585 705 3643 Teste
716 3590 853 3657 utsupra
866 3582 951 3657 [rege
964 3585 1224 3658 apudchestck,
1238 3588 1379 3647 vicesimo

326 3667 373 3725 die
391 3666 545 3740 Augusti}

801 3812 860 3873 No.
877 3816 905 3873 3.

803 3936 896 3999 (Ibid.)

363 4017 426 4075 Rex
445 4018 591 4085 omnibus,
612 4022 668 4075 etc.
1393 4041 1550 4094 suemus.

363 4101 468 4159 Sciatis
496 4100 574 4174 quod
601 4099 798 4157 concessimus
827 4100 941 4157 Simoni
967 4101 1004 4159 de
1030 4100 1130 4158 Monte
1161 4100 1254 4170 Porti,
1281 4106 1381 4164 comiti
1394 4108 1545 4154 erestein·

326 4186 505 4251 Leicestriae,
525 4202 579 4258 pro
606 4184 690 4241 nobis
718 4190 748 4241 et
772 4184 930 4241 heredibus
954 4185 1075 4252 nostris,
1101 4187 1179 4257 qnod
1205 4188 1230 4243 si
1257 4188 1293 4243 de
1317 4161 1518 4262 ipeoiiiiui‘o

326 4271 495 4329 humanitus
513 4268 665 4341 continget
691 4286 874 4342 quocumque
900 4274 1034 4341 tempore
1052 4271 1120 4327 anni
1138 4272 1170 4327 in
1188 4273 1249 4329 feta
1266 4292 1383 4332 conces·
1394 4260 1510 4365 ffiffl

327 4354 409 4421 serit,
429 4355 492 4413 sive
510 4354 542 4411 in
560 4353 764 4411 transmarinis
791 4353 853 4411 sivo
879 4353 911 4409 in
928 4352 1095 4411 cismarinis
1112 4356 1257 4427 mutibus,
1276 4358 1384 4417 hebeat
1394 4374 1461 4460 ἔζη
1470 4366 1532 4410 uter

326 4458 345 4496 a
361 4438 409 4497 die
427 4438 524 4497 obitus
544 4437 591 4495 sni
608 4455 703 4510 usqne
722 4438 753 4494 in
768 4444 834 4495 octo
846 4455 936 4495 annos
953 4438 1040 4509 plene
1057 4457 1159 4496 omnen
1177 4442 1273 4499 exitus
1290 4444 1382 4501 totius
1439 4413 1474 4459 ἡ

327 4530 415 4581 terne
433 4542 493 4581 suae
511 4524 543 4579 in
560 4522 671 4595 Anglie
688 4521 725 4579 do
749 4522 858 4580 honore
877 4522 1056 4589 Leioeenie,
1076 4524 1114 4581 ed
1139 4526 1383 4597 acquietationem

328 4603 493 4665 debitorum
511 4625 632 4665 sucrum
650 4612 681 4665 et
698 4608 899 4665 executionem
917 4610 1084 4665 testamenti
1103 4610 1159 4667 sui.

364 4692 401 4749 In
419 4692 513 4764 cujus,
534 4698 588 4749 etc.
627 4690 715 4749 Teste
732 4698 767 4749 nt
785 4710 874 4765 supre
887 4692 972 4763 [rege
990 4693 1069 4765 apud
1080 4693 1231 4764 oxoniam,
1244 4698 1384 4758 vicesimo

331 4784 434 4833 octavo
453 4776 500 4832 die
519 4773 675 4849 Augusti}
