3609 5800
406 868 449 931 32
560 884 675 933 ROYAL
697 881 771 933 ΛΝΒ
794 883 910 933 OTHER
932 883 1140 934 HISTORIOAL
1162 884 1316 934 LE'l'l‘Eth

406 1056 443 1119 in
458 1057 643 1141 Aquitania
665 1059 847 1144 praeceptor
862 1055 1005 1136 humilis,
1021 1055 1162 1121 salutem
1184 1055 1291 1142 [cum]
1315 1076 1463 1121 reveren·

406 1158 456 1223 tia
479 1158 593 1224 debita
615 1164 649 1225 et
672 1160 803 1224 honore.

238 1260 328 1325 Ipay
451 1259 581 1328 Vestrae
603 1260 703 1347 regiae
726 1260 894 1346 majestati
924 1264 1036 1349 grates
1058 1259 1229 1327 referimus
1251 1259 1398 1348 copiosas
1420 1261 1461 1325 de

239 1342 385 1443 {ssfflm‘
406 1361 493 1427 bono
516 1367 551 1429 et
582 1363 705 1429 honore
728 1363 817 1450 quod
839 1363 937 1429 fratri
959 1363 1093 1429 Thomae
1115 1362 1215 1427 latori
1236 1363 1461 1449 praesentium,

240 1464 381 1539 theinjury
407 1486 505 1551 quem
528 1466 572 1531 ad
594 1488 653 1533 vos
687 1488 748 1554 pro
782 1466 926 1553 negotiis
949 1466 1067 1531 domus
1088 1470 1211 1531 nostrae
1233 1486 1343 1531 coram
1366 1465 1462 1530 vobis

238 1535 393 1661 ξὲζξθζοοῐὲθ
406 1568 620 1655 expediendis
649 1569 902 1646 transmisimus,
925 1567 1145 1655 impendistis,
1174 1567 1396 1655 supplicantes
1425 1556 1461 1632 et

239 1685 285 1720 our
296 1676 370 1726 order
405 1674 560 1758 rogantes
613 1671 814 1757 [quaten]us,
859 1692 935 1736 cum
990 1692 1050 1736 vos
1104 1669 1177 1736 sitis
1227 1669 1381 1735 dominus
1425 1673 1461 1734 et

238 1739 382 1859 wem
405 1772 564 1859 magister
585 1773 758 1839 domorum
788 1771 997 1851 nostrarum‚¹
1022 1771 1118 1838 nobis
1140 1771 1309 1837 emendari
1330 1771 1459 1838 faciatis

405 1874 527 1940 damna
549 1879 584 1940 et
617 1874 790 1940 malefacta
823 1896 897 1961 quae
932 1873 1027 1939 nobis
1058 1878 1094 1938 et
1115 1872 1305 1939 hominibus
1336 1873 1459 1938 nostris

404 1974 492 2041 facta
529 1976 665 2042 firerunt
702 1980 849 2062 tempore
887 1996 1015 2061 guerrae
1061 1977 1180 2041 vestrae
1225 1974 1262 2038 in
1307 1974 1460 2061 partibus

404 2078 576 2145 Vaseoniae
614 2083 649 2143 et
686 2078 727 2143 de
760 2076 887 2154 Chales,
926 2099 1002 2142 eum
1039 2076 1162 2141 damna
1193 2076 1341 2141 maxima
1378 2078 1457 2142 inde

403 2180 667 2262 sustinuerimus,
690 2185 791 2268 prout
813 2179 916 2244 frater
947 2181 1060 2243 noster
1082 2200 1180 2265 quem
1202 2178 1245 2242 ad
1266 2198 1327 2243 vos
1349 2182 1456 2243 trans-

403 2283 570 2348 mittimus
591 2283 687 2349 vobis
710 2281 805 2361 dicet,
828 2332 835 2348 .
860 2332 899 2348 ..
932 2332 939 2344 .
966 2330 973 2347 .
1005 2329 1043 2346 ..
1075 2332 1081 2346 .
1106 2280 1183 2345 dare
1205 2278 1260 2344 vel
1282 2279 1458 2345 emendare

402 2385 498 2451 nobis
546 2384 683 2463 faciatis,
725 2385 810 2449 siout
847 2389 968 2448 vestrae
1013 2382 1135 2447 sederit
1179 2382 1358 2463 voluntati,
1403 2383 1458 2448 vel

401 2488 547 2573 aliquem
578 2487 768 2574 religiosum
800 2485 911 2551 virum
943 2485 998 2550 vel
1033 2485 1135 2550 alium
1159 2484 1202 2548 ad
1238 2488 1351 2571 partes
1382 2485 1456 2550 illas

400 2589 637 2655 transmittatis
677 2610 737 2676 pro
785 2587 1000 2674 inquisitione
1042 2608 1141 2673 super
1188 2586 1250 2651 hoc
1298 2585 1455 2652 facienda.

402 2692 566 2759 Praeterea
587 2714 663 2758 cum
697 2713 757 2757 nos
789 2695 824 2755 et
846 2690 995 2755 homines
1028 2687 1137 2753 nostri
1160 2689 1264 2753 simus
1295 2687 1394 2754 liberi
1416 2693 1451 2754 et

400 2792 563 2859 immunes
586 2793 628 2857 ab
659 2792 749 2857 omni
781 2795 942 2867 custuma,
965 2793 1065 2878 prout
1097 2791 1134 2854 in
1168 2790 1276 2855 literis
1309 2795 1454 2871 anteces-

401 2917 511 2961 sorum
541 2899 726 2960 vestrorum
750 2891 939 2958 sentinetur
970 2915 1053 2979 quas
1075 2891 1243 2981 habemus,
1276 2899 1312 2958 et
1344 2891 1453 2959 cives²

401 2997 659 3084 Burdogalonses
708 2994 904 3059 mandatum
942 2998 1091 3059 vestrum
1137 2995 1178 3060 de
1220 2994 1301 3060 vino
1339 3001 1452 3062 nostro

399 3099 491 3186 prins
523 3105 557 3164 et
591 3094 712 3162 blado³
745 3095 869 3182 pariter
902 3095 1067 3183 recipiant
1104 3096 1175 3164 sive
1212 3104 1453 3185 contorqueant

399 3200 572 3287 pecuniam
617 3198 784 3265 occasione
830 3196 972 3288 pedagii,
1017 3199 1253 3285 paternitatem
1306 3207 1453 3266 vestram

399 3301 506 3367 modis
543 3300 697 3366 omnibus
731 3299 852 3386 quibus
883 3321 1059 3387 possumus
1091 3323 1245 3389 rogamus
1278 3305 1451 3382 attentiuS,

398 3409 561 3489 quatenus
583 3401 675 3469 istud
697 3405 732 3467 et
754 3403 821 3466 alia
850 3402 1019 3468 emendari
1041 3403 1170 3469 faciatis
1200 3409 1301 3491 prout
1331 3405 1452 3470 videri-

398 3505 443 3569 tis
465 3505 644 3593 expedim3
675 3510 708 3569 et
742 3508 853 3570 vestro
888 3505 1065 3572 senescallo
1088 3505 1260 3572 Vaseoniae
1293 3507 1451 3573 mandare

398 3607 510 3673 velitis
532 3613 571 3673 ut
594 3607 718 3673 dietam
750 3605 1002 3691 inquisitionem
1034 3607 1136 3674 iaciat
1167 3609 1221 3674 vel
1254 3609 1357 3675 alium
1391 3631 1450 3699 pro

398 3709 469 3797 ipsa
490 3709 642 3775 facienda
673 3707 921 3776 transmittatis.
968 3709 1090 3777 Valeat
1120 3717 1234 3778 vestra
1267 3715 1452 3800 paternitas

398 3816 432 3877 et
455 3811 521 3878 diu.

335 3930 337 3934 ·
442 3911 618 3980 Iodorscd.
665 3911 810 3978 Domino
833 3914 905 4000 regi
928 3913 1069 4002 Angliae.

430 4261 604 4328 ¹aostrarum]
624 4259 700 4310 Alter
710 4257 760 4310 this
769 4257 831 4308 utin
840 4257 895 4309 MS.
980 4259 1091 4329 ’llam
1121 4263 1203 4324 baldo,
1225 4262 1282 4313 MS.
1316 4261 1399 4311 There
1427 4260 1450 4309 is

395 4345 489 4394 erased·
947 4343 1076 4407 evidently
1095 4357 1164 4393 some
1183 4357 1253 4392 more
1271 4341 1365 4391 serious
1381 4355 1450 4390 error

428 4424 438 4452 ²
453 4421 530 4488 dues]
544 4419 600 4471 The
611 4419 697 4470 writer
706 4432 785 4469 seems
797 4424 822 4467 to
832 4416 897 4467 have
947 4423 976 4473 in
986 4423 1030 4473 the
1041 4427 1165 4473 sentem.

394 4501 494 4551 written
517 4498 587 4562 bord,
609 4499 660 4550 and
681 4498 742 4549 then
770 4497 897 4548 corrected

394 4581 531 4632 intooivca

655 4759 1103 4775 ...m
