3609 5800
461 867 527 932 304
610 879 725 930 norun
747 877 821 929 nun
843 877 961 928 crure
984 875 1191 928 mslomcsn
1215 877 1363 930 currens

461 1057 495 1118 st
517 1073 586 1120 esse
607 1051 760 1118 volumus
781 1050 819 1116 in
847 1049 984 1136 justitie
1005 1048 1182 1127 debitores,
1205 1071 1318 1116 omnes
1340 1053 1376 1116 et
1397 1049 1512 1137 singu·

459 1154 508 1220 los
546 1153 718 1242 predictos
754 1153 836 1219 scire
873 1153 1034 1230 volumus,
1071 1151 1161 1238 quod
1196 1151 1226 1218 si
1262 1174 1322 1240 per
1357 1173 1420 1218 uos
1456 1152 1512 1218 vel

460 1256 661 1324 consiliarios
697 1261 829 1322 nostros
865 1253 965 1322 elicui
1001 1253 1102 1321 fuerit
1136 1253 1332 1340 injuriatum
1368 1252 1406 1318 in
1449 1253 1513 1320 huc

460 1363 561 1446 porte,
584 1359 699 1426 veniet
729 1359 773 1424 ed
806 1359 931 1424 uirium
964 1362 1121 1435 nostrum
1143 1361 1271 1424 rectum
1301 1355 1454 1424 faciendo
1476 1362 1512 1422 et

460 1461 627 1550 cupiendo,
669 1465 769 1548 prout
806 1459 986 1526 secundum
1022 1459 1128 1547 legem
1165 1464 1201 1526 ct
1236 1457 1510 1524 consuetudinem

460 1563 554 1651 regni
576 1562 680 1630 nostri
704 1563 805 1629 fuerit
826 1561 1020 1628 faciendum.

507 1665 554 1731 Et
575 1665 650 1732 ideo
671 1665 737 1730 tibi
758 1664 966 1752 precipimus
988 1663 1077 1750 quod
1097 1662 1135 1728 in
1156 1662 1255 1751 pleno
1276 1661 1436 1730 comitutu
1449 1667 1511 1728 tuo

462 1767 583 1854 burgis,
621 1766 709 1834 villis
748 1765 959 1844 mercctoriis‚
997 1771 1032 1832 et
1064 1765 1140 1832 eliis
1176 1765 1256 1832 locis
1292 1765 1353 1831 ubi
1389 1765 1512 1830 videris

461 1870 626 1958 expedire,
661 1875 858 1958 praesentem
895 1869 1027 1934 literam
1063 1867 1131 1954 legi
1173 1867 1276 1934 fedus
1311 1872 1347 1932 et
1382 1866 1512 1954 publice

461 1971 664 2060 proclamari,
687 1977 721 2038 et
743 1972 789 2038 eis
811 1971 892 2038 scire
921 1969 1022 2036 facies
1044 1969 1132 2056 quod
1153 1969 1197 2034 sd
1218 1967 1342 2036 curioni
1364 1975 1512 2034 nostrum

462 2075 609 2152 veniant,
630 2074 658 2140 si
679 2073 855 2152 voluerint,
877 2073 915 2137 in
936 2072 1043 2138 forme
1063 2071 1230 2159 pmdieu
1274 2072 1322 2137 Et
1343 2071 1405 2136 hoc
1425 2071 1513 2138 sicut

464 2183 500 2243 te
523 2181 558 2242 et
579 2182 640 2243 tuu
662 2175 773 2262 diligis
795 2175 885 2242 nullo
908 2175 1007 2240 modo
1028 2174 1171 2240 omittes

507 2279 604 2346 Teste
626 2301 701 2368 rege
723 2279 813 2366 opud
836 2276 1161 2364 Northomptoniem,
1183 2275 1285 2342 tertio
1306 2276 1360 2342 die
1383 2275 1474 2342 Maii

762 2549 1184 2559 ...Ἣ

912 2735 1052 2802 DOLII.

738 2892 847 2962 Lorns
871 2895 932 2963 In
955 2914 999 2962 ro
1023 2895 1155 2962 Hnunr
1178 2894 1242 2962 III.

810 3036 907 3101 (Roysl
918 3037 1026 3095 Iiettcrr,
1035 3035 1085 3087 No.
1098 3038 1168 3101 866.)

372 3184 384 3209 r
509 3148 703 3231 Ludovicus,
727 3148 792 3216 Dei
814 3152 924 3238 gretia
947 3150 1097 3216 Francius
1127 3172 1196 3230 rex,
1219 3150 1349 3238 egregio
1371 3150 1512 3239 principi

462 3251 627 3317 carissimo
665 3252 906 3341 consanguineo
950 3274 1010 3319 suo
1047 3254 1200 3334 chrieo‚
1245 3253 1358 3319 eodem
1402 3255 1511 3340 gretie

461 3352 584 3419 illustri
628 3354 699 3443 regi
744 3354 885 3442 Angliae,
932 3355 1065 3422 domino
1111 3355 1302 3443 Hybernioe,
1345 3378 1384 3422 uc
1436 3356 1513 3421 duci

463 3456 655 3544 Aquiteniae
685 3456 775 3523 fideli
813 3480 881 3537 suo,
920 3458 1061 3525 salutem
1095 3464 1130 3524 et
1157 3458 1292 3525 sinceres
1325 3458 1512 3526 dilectionis

463 3559 626 3626 effectum.

295 3678 420 3733 Wehsve
508 3660 727 3727 mammisea
748 3662 844 3729 nobis
859 3662 1071 3750 perlatorem
1084 3662 1297 3751 pmseneium
1311 3664 1512 3751 serenitn[tis

294 3746 446 3879 {2¹¹5ssssssss
464 3760 601 3851 vestr]oe
639 3762 752 3830 literas
782 3764 963 3852 recepimus
996 3769 1032 3830 et
1064 3765 1289 3832 intelleximus
1326 3764 1510 3852 diligenter.

296 3896 431 3945 yourcne·
466 3865 564 3949 Quod
585 3870 697 3933 autem
719 3866 859 3954 rogastis
881 3888 942 3933 nos
963 3872 1004 3933 ut
1025 3873 1141 3955 portus
1172 3868 1234 3935 sub
1268 3873 1382 3935 nostra
1402 3874 1511 3956 potes-

294 3948 446 4062 ppieeeron-
463 3974 535 4034 tote
572 3968 770 4035 constitutos
807 3968 986 4057 diligenter
1021 3969 1190 4051 custodiri,
1220 3969 1307 4036 sicut
1343 3970 1511 4057 hucusque

324 4028 349 4078 ὗ
462 4068 605 4149 fecimus,
623 4070 806 4156 jubeamus,
822 4092 864 4138 ne
886 4070 1015 4137 inimici
1029 4072 1133 4138 vestri
1154 4072 1195 4137 de
1216 4071 1340 4139 nostris
1360 4074 1511 4160 pertibus

462 4174 588 4263 possint
618 4176 652 4241 in
677 4174 836 4263 Anglium
867 4195 903 4240 se
935 4174 1133 4256 trsnsfeme;
1154 4174 1307 4262 quodque
1343 4174 1418 4241 illos
1451 4176 1510 4263 qui

462 4299 520 4363 per
557 4276 745 4343 districtum
781 4281 932 4343 nostrum
976 4276 1014 4343 in
1047 4298 1233 4343 succursum
1278 4280 1427 4343 vestrum
1471 4299 1512 4345 se

462 4379 645 4446 subsidium
683 4384 798 4446 contre
834 4384 961 4446 vestros
1005 4378 1181 4446 malevolos
1218 4384 1254 4445 et
1289 4380 1426 4446 rebelles
1461 4380 1511 4447 ire

503 4680 573 4733 ‘See
592 4680 696 4747 Rymer,
718 4681 736 4730 i.
759 4696 784 4746 p.
814 4684 870 4732 468.
913 4680 970 4732 'l’be
1011 4682 1219 4733 mentham
1238 4681 1370 4733 thebettlc
1386 4682 1418 4733 os
1431 4681 1510 4732 Eres-

464 4759 536 4812 letter
546 4768 613 4811 must
629 4760 693 4811 hove
712 4760 774 4811 been
786 4758 886 4812 written
898 4768 925 4813 et
935 4758 969 4812 ull
1009 4759 1286 4813 mundericum
1295 4760 1498 4814 erueremur
