3609 5800
456 857 520 921 298
609 869 724 921 nom
745 867 820 920 ANB
842 869 959 920 orm
980 866 1187 921 HMURICAL
1208 871 1358 922 nunnus

456 1046 636 1126 Boklonde‚
660 1051 694 1113 et
716 1045 921 1112 Willelmum
952 1046 993 1112 de
1023 1044 1146 1127 Stoue,
1169 1045 1223 1112 vel
1256 1047 1399 1132 aliquem
1422 1046 1506 1133 ipso·

455 1173 537 1229 rum,
558 1170 645 1214 anno
675 1148 924 1236 quadragesimo
949 1149 1095 1235 septimo.
1142 1149 1268 1214 Dicunt
1291 1149 1393 1214 etiam
1416 1148 1506 1234 quod

455 1275 476 1317 a
508 1251 592 1317 festo
627 1251 659 1318 S.
693 1251 871 1329 Michaelis,
893 1270 981 1322 anno
1016 1251 1265 1338 quadragesimo
1294 1253 1435 1339 septimo
1457 1252 1507 1316 in-

456 1354 605 1441 cipiente,
630 1375 718 1418 anno
749 1353 998 1442 quadragesimo
1032 1360 1150 1418 octavo
1184 1375 1289 1440 usque
1319 1354 1363 1420 ad
1384 1355 1506 1420 festum

456 1457 487 1522 S.
511 1455 534 1521 J
536 1453 674 1522 ohannis
697 1455 859 1543 Baptistae
892 1456 1043 1543 proximo
1069 1479 1216 1542 sequens,
1240 1461 1311 1521 tam
1341 1479 1400 1544 per
1422 1479 1504 1544 pne·

455 1559 555 1624 dones
586 1559 805 1624 discurrentes
838 1580 938 1644 quam
972 1579 1031 1645 per
1064 1558 1138 1624 illos
1172 1559 1212 1624 de
1242 1559 1352 1624 insula
1374 1560 1415 1624 de
1438 1559 1506 1642 ΕΙ)1

453 1661 633 1748 impeditus
654 1661 728 1740 fuit,
751 1661 803 1726 ita
829 1662 918 1746 quod
948 1683 1055 1748 neque
1076 1663 1255 1728 comitatus
1276 1683 1383 1747 neque
1404 1666 1506 1726 turno

453 1787 513 1831 sua
534 1769 647 1830 tenere
679 1763 798 1850 potuit,
819 1784 880 1829 nee
909 1764 1038 1850 aliquid
1066 1765 1209 1851 recipere
1232 1765 1273 1830 de
1295 1764 1426 1852 placitis
1448 1786 1506 1830 seu

453 1867 650 1954 perquisitis.
696 1866 764 1932 Sed
795 1865 911 1932 dicunt
935 1866 1024 1952 quod
1054 1866 1171 1932 bellivi
1192 1867 1246 1933 sui
1268 1874 1506 1934 commorantes

453 1971 489 2034 in
521 1969 631 2056 patria
661 1973 854 2055 receperunt
888 1973 994 2034 certos
1027 1969 1178 2036 redditus
1210 1991 1350 2036 amasos
1371 1970 1506 2034 nomine

454 2095 522 2149 sue,
553 2093 656 2158 usque
690 2071 733 2136 ad
766 2071 889 2136 Pascha
915 2093 1003 2136 anno
1037 2071 1171 2152 eodem;
1206 2072 1264 2136 sed
1295 2071 1506 2149 nesciverunt

456 2179 570 2240 utrum
603 2175 667 2262 ipsi
700 2173 816 2240 ballivi
850 2173 1092 2261 responderunt
1128 2174 1159 2240 ei
1192 2173 1234 2240 de
1265 2175 1363 2240 rebus
1395 2175 1505 2240 assisis

454 2281 529 2364 post
561 2277 649 2343 idem
673 2276 798 2344 Pascha
828 2275 883 2342 vel
912 2275 1063 2341 Johanni
1095 2277 1137 2342 de
1171 2276 1332 2342 Scutariis
1379 2276 1507 2342 Dicunt

455 2379 556 2445 etiam
588 2379 677 2466 quod
708 2378 859 2467 predicti
883 2378 1061 2444 Hervicius
1092 2384 1129 2444 et
1151 2378 1317 2444 Radulfua
1346 2377 1432 2442 nihil
1454 2399 1504 2443 re-

454 2487 610 2570 ceperunt
632 2484 673 2548 de
694 2481 860 2568 praedictis
882 2481 1013 2568 placitis
1026 2501 1085 2546 seu
1098 2481 1289 2566 perquisitis
1302 2482 1505 2568 temporibus

454 2585 626 2672 praedictis.
672 2582 789 2650 Valeat
812 2583 1007 2650 excellentia
1027 2587 1139 2649 vestra
1160 2582 1227 2648 diu.

883 2986 1087 3053 DCXLVII.

560 3126 728 3193 Enesnoa
750 3140 795 3191 or
818 3125 967 3191 Orsuae
987 3140 1033 3191 ro
1055 3124 1155 3191 Josu
1182 3137 1228 3191 or
1250 3126 1403 3191 Iounon.

804 3264 899 3328 (noyn
910 3262 1017 3325 neas,
1029 3260 1077 3314 ua
1090 3263 1161 3327 407.)

286 3390 376 3442 About
500 3377 697 3464 A[lianore]‚
720 3376 906 3465 cunpaigne
936 3377 1000 3441 sire
1023 3374 1179 3455 Edward,
1202 3398 1223 3441 a
1255 3396 1319 3441 eun
1340 3374 1383 3441 lel
1406 3381 1440 3442 et
1461 3374 1506 3441 fel

289 3458 369 3507 ¹²⁶⁹
456 3482 521 3547 sire
542 3480 565 3546 J
567 3478 653 3546 ohan
675 3480 716 3546 de
739 3478 896 3557 Lundres,
918 3478 1011 3544 saluz
1034 3483 1068 3544 et
1090 3478 1156 3544 bon
1171 3500 1273 3545 amur.

286 3600 443 3651 Themanor
501 3583 620 3649 Sachet
641 3583 684 3649 ke
699 3588 811 3649 nostre
834 3582 967 3669 seignur
989 3580 1019 3647 le
1041 3582 1108 3647 rois
1130 3604 1193 3647 nus
1215 3582 1303 3647 dona
1324 3582 1432 3649 lautre
1448 3580 1506 3667 jur

285 3666 487 3785 fffflss’le
523 3708 636 3752 maner
670 3684 710 3749 de
744 3685 889 3752 Berewic
926 3705 988 3749 oue
1025 3684 1072 3749 les
1102 3689 1345 3771 aportcnances‚
1377 3706 1438 3771 par
1474 3684 1506 3750 le

287 3801 413 3879 prohinc
454 3795 682 3879 procurement
715 3788 779 3853 sire
812 3784 921 3875 Roger
943 3787 984 3851 de
1007 3786 1163 3872 Leyburn
1174 3812 1184 3869 ;
1207 3792 1242 3853 et
1263 3810 1327 3875 pur
1349 3808 1385 3853 oo
1408 3788 1451 3853 ke
1473 3787 1507 3852 la

286 3882 402 3985 Ἢω
454 3893 549 3958 chose
586 3895 637 3957 est
669 3894 850 3979 purtenent
886 3910 909 3953 a
944 3888 977 3953 la
1012 3889 1114 3975 garde
1146 3889 1187 3954 de
1219 3889 1383 3956 Cantelou
1424 3912 1505 3955 mun

286 3949 399 4051 lnother.
454 3994 606 4082 seigneur
627 3992 684 4058 lad
711 3990 795 4057 done
830 4014 851 4055 a
880 3996 984 4068 autre,
1006 3990 1049 4055 isi
1072 3990 1115 4057 ke
1138 3992 1226 4057 riens
1247 3992 1289 4059 de
1319 4014 1356 4058 co
1378 4015 1420 4059 ne
1442 4014 1505 4057 nus

286 4066 422 4184 ffliffir
455 4102 505 4163 est
534 4096 650 4175 remis;
679 4116 748 4159 mes
779 4092 817 4157 ili
848 4092 891 4157 ad
925 4115 972 4157 uu
1002 4114 1117 4157 maner
1149 4092 1260 4159 ileuke
1292 4117 1368 4182 pres
1401 4118 1442 4160 en
1474 4094 1505 4161 le

285 4215 327 4250 ¹²¹0
338 4201 444 4251 another
455 4206 561 4267 comte
584 4198 626 4264 de
648 4197 831 4262 Somersete
853 4194 892 4259 ki
915 4202 966 4261 est
988 4218 1010 4261 a
1024 4194 1104 4261 ville
1128 4194 1315 4277 Heselbere,
1330 4198 1373 4263 ke
1387 4196 1463 4264 fuht
1484 4220 1506 4263 a

285 4267 412 4398 ffffffl
455 4304 518 4368 sire
550 4299 702 4367 Willeam
734 4298 766 4362 le
801 4296 951 4374 Maracah
985 4297 1028 4364 ke
1062 4303 1150 4364 mort
1175 4305 1235 4377 eet,
1259 4306 1293 4365 et
1322 4300 1375 4365 del
1404 4301 1452 4365 rei
1474 4299 1505 4364 le

486 4636 493 4664 ¹
513 4632 634 4697 Compare
653 4630 765 4691 Blaauw,
784 4628 826 4678 the
846 4624 952 4677 Bamne’
1003 4626 1097 4691 clearly
1115 4628 1214 4678 written
1236 4626 1300 4678 aher
1321 4628 1364 4678 the
1380 4628 1457 4678 battle
1480 4630 1510 4678 of

451 4712 523 4773 Wer,
534 4728 575 4777 pp.
590 4714 629 4771 97,
641 4714 697 4771 268,
709 4708 771 4759 nith
780 4708 882 4759 calend.
893 4708 952 4756 Rot
1003 4706 1137 4757 umnam.

452 4788 706 4843 Protesilaum
741 4786 796 4839 The
813 4786 886 4838 letter
902 4801 954 4836 vae
