<?xml version="1.0" encoding="UTF-8"?>
<!DOCTYPE html PUBLIC "-//W3C//DTD XHTML 1.0 Transitional//EN"
    "http://www.w3.org/TR/xhtml1/DTD/xhtml1-transitional.dtd">
<html xmlns="http://www.w3.org/1999/xhtml" xml:lang="en" lang="en">
 <head>
  <title>
</title>
<meta http-equiv="Content-Type" content="text/html;charset=utf-8" />
  <meta name='ocr-system' content='tesseract 3.04.00' />
  <meta name='ocr-capabilities' content='ocr_page ocr_carea ocr_par ocr_line ocrx_word'/>
</head>
<body>
  <div class='ocr_page' id='page_1' title='image "./royalandotherhi00shirgoog_0141.png"; bbox 0 0 3609 5800; ppageno 0'>
   <div class='ocr_carea' id='block_1_1' title="bbox 462 876 1366 944">
    <p class='ocr_par' dir='ltr' id='par_1_1' title="bbox 462 876 1366 944">
     <span class='ocr_line' id='line_1_1' title="bbox 462 876 1366 944; baseline -0.011 -3"><span class='ocrx_word' id='word_1_1' title='bbox 462 876 505 944; x_wconf 80' lang='lat'><strong>70</strong></span> <span class='ocrx_word' id='word_1_2' title='bbox 619 886 732 937; x_wconf 72' lang='lat' dir='ltr'><strong>soron</strong></span> <span class='ocrx_word' id='word_1_3' title='bbox 754 886 827 935; x_wconf 78' lang='lat' dir='ltr'><strong>nun</strong></span> <span class='ocrx_word' id='word_1_4' title='bbox 850 884 966 933; x_wconf 79' lang='lat' dir='ltr'><strong>ornan</strong></span> <span class='ocrx_word' id='word_1_5' title='bbox 988 878 1197 932; x_wconf 77' lang='lat' dir='ltr'><strong>nrsronrcln</strong></span> <span class='ocrx_word' id='word_1_6' title='bbox 1218 882 1366 931; x_wconf 72' lang='lat' dir='ltr'><strong>nummu</strong></span> 
     </span>
    </p>
   </div>
   <div class='ocr_carea' id='block_1_2' title="bbox 463 1058 1522 1866">
    <p class='ocr_par' dir='ltr' id='par_1_2' title="bbox 463 1058 1522 1866">
     <span class='ocr_line' id='line_1_2' title="bbox 463 1058 1520 1146; baseline -0.009 -16"><span class='ocrx_word' id='word_1_7' title='bbox 463 1066 506 1130; x_wconf 84' lang='lat' dir='ltr'><strong>ad</strong></span> <span class='ocrx_word' id='word_1_8' title='bbox 527 1064 687 1130; x_wconf 86' lang='lat' dir='ltr'><strong>videndas</strong></span> <span class='ocrx_word' id='word_1_9' title='bbox 710 1062 864 1128; x_wconf 84' lang='lat' dir='ltr'><strong>emendas</strong></span> <span class='ocrx_word' id='word_1_10' title='bbox 885 1060 1164 1145; x_wconf 86' lang='lat' dir='ltr'><strong>interceptionum</strong></span> <span class='ocrx_word' id='word_1_11' title='bbox 1187 1080 1229 1124; x_wconf 83' lang='lat' dir='ltr'><strong>ex</strong></span> <span class='ocrx_word' id='word_1_12' title='bbox 1251 1062 1347 1145; x_wconf 82' lang='lat' dir='ltr'><strong>parte</strong></span> <span class='ocrx_word' id='word_1_13' title='bbox 1369 1058 1520 1146; x_wconf 79' lang='lat' dir='ltr'><strong>praedicti</strong></span> 
     </span>
     <span class='ocr_line' id='line_1_3' title="bbox 463 1160 1521 1253; baseline -0.005 -22"><span class='ocrx_word' id='word_1_14' title='bbox 463 1167 557 1253; x_wconf 85' lang='lat' dir='ltr'><strong>regis,</strong></span> <span class='ocrx_word' id='word_1_15' title='bbox 580 1170 615 1231; x_wconf 89' lang='lat' dir='ltr'><strong>et</strong></span> <span class='ocrx_word' id='word_1_16' title='bbox 637 1163 791 1229; x_wconf 87' lang='lat' dir='ltr'><strong>similiter</strong></span> <span class='ocrx_word' id='word_1_17' title='bbox 813 1184 856 1228; x_wconf 85' lang='lat' dir='ltr'><strong>ex</strong></span> <span class='ocrx_word' id='word_1_18' title='bbox 887 1166 983 1249; x_wconf 76' lang='lat' dir='ltr'><strong>parte</strong></span> <span class='ocrx_word' id='word_1_19' title='bbox 1006 1166 1128 1228; x_wconf 89' lang='lat' dir='ltr'><strong>nostra.</strong></span> <span class='ocrx_word' id='word_1_20' title='bbox 1177 1160 1411 1227; x_wconf 86' lang='lat' dir='ltr'><strong>Mandavimus</strong></span> <span class='ocrx_word' id='word_1_21' title='bbox 1432 1161 1521 1226; x_wconf 88' lang='lat' dir='ltr'><strong>enim</strong></span> 
     </span>
     <span class='ocr_line' id='line_1_4' title="bbox 464 1262 1521 1352; baseline -0.005 -18"><span class='ocrx_word' id='word_1_22' title='bbox 464 1268 682 1335; x_wconf 67' lang='lat' dir='ltr'><strong>dictatoribus</strong></span> <span class='ocrx_word' id='word_1_23' title='bbox 704 1266 851 1352; x_wconf 86' lang='lat' dir='ltr'><strong>ejusdem</strong></span> <span class='ocrx_word' id='word_1_24' title='bbox 866 1268 994 1351; x_wconf 83' lang='lat' dir='ltr'><strong>treugae</strong></span> <span class='ocrx_word' id='word_1_25' title='bbox 1017 1264 1058 1329; x_wconf 90' lang='lat' dir='ltr'><strong>de</strong></span> <span class='ocrx_word' id='word_1_26' title='bbox 1080 1268 1176 1351; x_wconf 86' lang='lat' dir='ltr'><strong>parte</strong></span> <span class='ocrx_word' id='word_1_27' title='bbox 1197 1268 1321 1345; x_wconf 81' lang='lat' dir='ltr'><strong>nostra,</strong></span> <span class='ocrx_word' id='word_1_28' title='bbox 1340 1263 1428 1350; x_wconf 91' lang='lat' dir='ltr'><strong>quod</strong></span> <span class='ocrx_word' id='word_1_29' title='bbox 1450 1262 1521 1329; x_wconf 85' lang='lat' dir='ltr'><strong>sine</strong></span> 
     </span>
     <span class='ocr_line' id='line_1_5' title="bbox 464 1360 1520 1457; baseline -0.007 -20"><span class='ocrx_word' id='word_1_30' title='bbox 464 1394 564 1437; x_wconf 88' lang='lat' dir='ltr'><strong>morae</strong></span> <span class='ocrx_word' id='word_1_31' title='bbox 596 1360 770 1457; x_wconf 89' lang='lat' dir='ltr'><strong>dispendio</strong></span> <span class='ocrx_word' id='word_1_32' title='bbox 801 1368 842 1433; x_wconf 92' lang='lat' dir='ltr'><strong>de</strong></span> <span class='ocrx_word' id='word_1_33' title='bbox 873 1367 1168 1453; x_wconf 85' lang='lat' dir='ltr'><strong>interceptionibus</strong></span> <span class='ocrx_word' id='word_1_34' title='bbox 1205 1388 1249 1432; x_wconf 83' lang='lat' dir='ltr'><strong>ex</strong></span> <span class='ocrx_word' id='word_1_35' title='bbox 1280 1372 1375 1453; x_wconf 84' lang='lat' dir='ltr'><strong>parte</strong></span> <span class='ocrx_word' id='word_1_36' title='bbox 1405 1370 1520 1431; x_wconf 87' lang='lat' dir='ltr'><strong>nostra</strong></span> 
     </span>
     <span class='ocr_line' id='line_1_6' title="bbox 464 1468 1522 1556; baseline -0.007 -17"><span class='ocrx_word' id='word_1_37' title='bbox 464 1474 564 1539; x_wconf 85' lang='lat' dir='ltr'><strong>factis</strong></span> <span class='ocrx_word' id='word_1_38' title='bbox 587 1471 718 1538; x_wconf 86' lang='lat' dir='ltr'><strong>debitas</strong></span> <span class='ocrx_word' id='word_1_39' title='bbox 740 1470 865 1537; x_wconf 87' lang='lat' dir='ltr'><strong>facient</strong></span> <span class='ocrx_word' id='word_1_40' title='bbox 894 1469 1057 1535; x_wconf 78' lang='lat' dir='ltr'><strong>emendes</strong></span> <span class='ocrx_word' id='word_1_41' title='bbox 1104 1468 1194 1551; x_wconf 81' lang='lat' dir='ltr'><strong>Quid</strong></span> <span class='ocrx_word' id='word_1_42' title='bbox 1216 1468 1320 1556; x_wconf 84' lang='lat' dir='ltr'><strong>igitur</strong></span> <span class='ocrx_word' id='word_1_43' title='bbox 1341 1489 1439 1555; x_wconf 87' lang='lat' dir='ltr'><strong>super</strong></span> <span class='ocrx_word' id='word_1_44' title='bbox 1460 1468 1522 1533; x_wconf 89' lang='lat' dir='ltr'><strong>hoc</strong></span> 
     </span>
     <span class='ocr_line' id='line_1_7' title="bbox 465 1570 1520 1657; baseline -0.008 -15"><span class='ocrx_word' id='word_1_45' title='bbox 465 1574 629 1642; x_wconf 84' lang='lat' dir='ltr'><strong>duxeritis</strong></span> <span class='ocrx_word' id='word_1_46' title='bbox 651 1573 838 1639; x_wconf 81' lang='lat' dir='ltr'><strong>iaciendum</strong></span> <span class='ocrx_word' id='word_1_47' title='bbox 861 1571 959 1637; x_wconf 88' lang='lat' dir='ltr'><strong>nobis</strong></span> <span class='ocrx_word' id='word_1_48' title='bbox 980 1592 1040 1657; x_wconf 86' lang='lat' dir='ltr'><strong>per</strong></span> <span class='ocrx_word' id='word_1_49' title='bbox 1061 1572 1176 1637; x_wconf 84' lang='lat' dir='ltr'><strong>literas</strong></span> <span class='ocrx_word' id='word_1_50' title='bbox 1193 1576 1331 1649; x_wconf 83' lang='lat' dir='ltr'><strong>vestras,</strong></span> <span class='ocrx_word' id='word_1_51' title='bbox 1352 1570 1383 1636; x_wconf 89' lang='lat' dir='ltr'><strong>si</strong></span> <span class='ocrx_word' id='word_1_52' title='bbox 1403 1570 1520 1657; x_wconf 88' lang='lat' dir='ltr'><strong>placet,</strong></span> 
     </span>
     <span class='ocr_line' id='line_1_8' title="bbox 470 1672 1521 1766; baseline -0.005 -22"><span class='ocrx_word' id='word_1_53' title='bbox 470 1677 670 1766; x_wconf 84' lang='lat' dir='ltr'><strong>significetis.</strong></span> <span class='ocrx_word' id='word_1_54' title='bbox 701 1676 799 1742; x_wconf 85' lang='lat' dir='ltr'><strong>Teste</strong></span> <span class='ocrx_word' id='word_1_55' title='bbox 814 1679 976 1761; x_wconf 81' lang='lat' dir='ltr'><strong>utsupra</strong></span> <span class='ocrx_word' id='word_1_56' title='bbox 1014 1674 1120 1761; x_wconf 82' lang='lat' dir='ltr'>[Rege</span> <span class='ocrx_word' id='word_1_57' title='bbox 1141 1673 1232 1761; x_wconf 90' lang='lat' dir='ltr'><strong>apud</strong></span> <span class='ocrx_word' id='word_1_58' title='bbox 1247 1672 1403 1753; x_wconf 84' lang='lat' dir='ltr'><strong>Eborum,</strong></span> <span class='ocrx_word' id='word_1_59' title='bbox 1426 1677 1521 1739; x_wconf 81' lang='lat' dir='ltr'><strong>sexto</strong></span> 
     </span>
     <span class='ocr_line' id='line_1_9' title="bbox 469 1779 724 1866; baseline -0.012 -19"><span class='ocrx_word' id='word_1_60' title='bbox 469 1782 522 1847; x_wconf 89' lang='lat' dir='ltr'><strong>die</strong></span> <span class='ocrx_word' id='word_1_61' title='bbox 544 1779 724 1866; x_wconf 77' lang='lat' dir='ltr'><strong>ianuarii]</strong></span> 
     </span>
    </p>
   </div>
   <div class='ocr_carea' id='block_1_3' title="bbox 781 1944 1202 1953">
    <p class='ocr_par' dir='ltr' id='par_1_3' title="bbox 781 1944 1202 1953">
     <span class='ocr_line' id='line_1_10' title="bbox 781 1944 1202 1953; baseline -0.01 0"><span class='ocrx_word' id='word_1_62' title='bbox 781 1944 1139 1953; x_wconf 70' lang='lat' dir='ltr'><strong>---e————---.--—-—--</strong></span> <span class='ocrx_word' id='word_1_63' title='bbox 1158 1944 1202 1949; x_wconf 83' lang='lat'><strong>.—</strong></span> 
     </span>
    </p>
   </div>
   <div class='ocr_carea' id='block_1_4' title="bbox 871 2091 1135 2160">
    <p class='ocr_par' dir='ltr' id='par_1_4' title="bbox 871 2091 1135 2160">
     <span class='ocr_line' id='line_1_11' title="bbox 871 2091 1135 2160; baseline 0.004 -1"><span class='ocrx_word' id='word_1_64' title='bbox 871 2091 1135 2160; x_wconf 82' lang='lat' dir='ltr'><strong>COOOLXXIV.</strong></span> 
     </span>
    </p>
   </div>
   <div class='ocr_carea' id='block_1_5' title="bbox 471 2215 1522 2386">
    <p class='ocr_par' dir='ltr' id='par_1_5' title="bbox 471 2215 1522 2386">
     <span class='ocr_line' id='line_1_12' title="bbox 471 2215 1522 2298; baseline -0.005 -10"><span class='ocrx_word' id='word_1_65' title='bbox 471 2222 603 2288; x_wconf 76' lang='lat' dir='ltr'><strong>Hsssr</strong></span> <span class='ocrx_word' id='word_1_66' title='bbox 636 2219 703 2285; x_wconf 95' lang='grc' dir='ltr'><strong>ΙΙΙ.</strong></span> <span class='ocrx_word' id='word_1_67' title='bbox 727 2234 770 2284; x_wconf 88' lang='lat' dir='ltr'><strong>ro</strong></span> <span class='ocrx_word' id='word_1_68' title='bbox 802 2234 872 2283; x_wconf 76' lang='lat' dir='ltr'><strong>run</strong></span> <span class='ocrx_word' id='word_1_69' title='bbox 907 2216 1046 2298; x_wconf 65' lang='lat' dir='ltr'><strong>Meron,</strong></span> <span class='ocrx_word' id='word_1_70' title='bbox 1077 2215 1224 2295; x_wconf 78' lang='lat' dir='ltr'><strong>Junsrs,</strong></span> <span class='ocrx_word' id='word_1_71' title='bbox 1246 2232 1320 2284; x_wconf 77' lang='lat' dir='ltr'><strong>nnn</strong></span> <span class='ocrx_word' id='word_1_72' title='bbox 1351 2217 1522 2284; x_wconf 82' lang='lat' dir='ltr'><strong>Oouuors</strong></span> 
     </span>
     <span class='ocr_line' id='line_1_13' title="bbox 856 2319 1131 2386; baseline 0.011 -3"><span class='ocrx_word' id='word_1_73' title='bbox 856 2336 900 2384; x_wconf 82' lang='lat' dir='ltr'><strong>os</strong></span> <span class='ocrx_word' id='word_1_74' title='bbox 924 2319 1131 2386; x_wconf 66' lang='lat' dir='ltr'><strong>sommus</strong></span> 
     </span>
    </p>
   </div>
   <div class='ocr_carea' id='block_1_6' title="bbox 670 2442 1324 2511">
    <p class='ocr_par' dir='ltr' id='par_1_6' title="bbox 670 2442 1324 2511">
     <span class='ocr_line' id='line_1_14' title="bbox 670 2442 1324 2511; baseline 0.002 -16"><span class='ocrx_word' id='word_1_75' title='bbox 670 2444 741 2509; x_wconf 84' lang='lat' dir='ltr'><strong>(Rot</strong></span> <span class='ocrx_word' id='word_1_76' title='bbox 753 2443 836 2496; x_wconf 77' lang='lat' dir='ltr'><strong>cnm.</strong></span> <span class='ocrx_word' id='word_1_77' title='bbox 849 2448 881 2495; x_wconf 80' lang='grc'><strong>36</strong></span> <span class='ocrx_word' id='word_1_78' title='bbox 893 2442 960 2494; x_wconf 87' lang='lat' dir='ltr'><strong>Hen.</strong></span> <span class='ocrx_word' id='word_1_79' title='bbox 972 2442 1032 2506; x_wconf 84' lang='lat' dir='ltr'><strong>m,</strong></span> <span class='ocrx_word' id='word_1_80' title='bbox 1043 2442 1133 2494; x_wconf 85' lang='lat' dir='ltr'><strong>memb.</strong></span> <span class='ocrx_word' id='word_1_81' title='bbox 1146 2447 1178 2495; x_wconf 78' lang='lat'><strong>27</strong></span> <span class='ocrx_word' id='word_1_82' title='bbox 1190 2443 1218 2493; x_wconf 89' lang='lat' dir='ltr'><strong>in</strong></span> <span class='ocrx_word' id='word_1_83' title='bbox 1228 2445 1324 2511; x_wconf 86' lang='lat' dir='ltr'><strong>dorso.)</strong></span> 
     </span>
    </p>
   </div>
   <div class='ocr_carea' id='block_1_7' title="bbox 301 2541 1524 2663">
    <p class='ocr_par' dir='ltr' id='par_1_7' title="bbox 301 2541 1524 2663">
     <span class='ocr_line' id='line_1_15' title="bbox 301 2541 1524 2663; baseline 0.025 -68"><span class='ocrx_word' id='word_1_84' title='bbox 301 2541 397 2663; x_wconf 44' lang='lat' dir='ltr'><strong>{pap</strong></span> <span class='ocrx_word' id='word_1_85' title='bbox 517 2550 591 2618; x_wconf 69' lang='lat' dir='ltr'><strong>Rex</strong></span> <span class='ocrx_word' id='word_1_86' title='bbox 627 2546 754 2636; x_wconf 86' lang='lat' dir='ltr'><strong>majori,</strong></span> <span class='ocrx_word' id='word_1_87' title='bbox 789 2545 923 2634; x_wconf 86' lang='lat' dir='ltr'><strong>juratis,</strong></span> <span class='ocrx_word' id='word_1_88' title='bbox 967 2548 1003 2611; x_wconf 92' lang='lat' dir='ltr'><strong>et</strong></span> <span class='ocrx_word' id='word_1_89' title='bbox 1033 2545 1268 2613; x_wconf 73' lang='lat' dir='ltr'><strong>communitati</strong></span> <span class='ocrx_word' id='word_1_90' title='bbox 1307 2546 1524 2634; x_wconf 75' lang='lat' dir='ltr'><strong>Burdegoliae,</strong></span> 
     </span>
    </p>
   </div>
   <div class='ocr_carea' id='block_1_8' title="bbox 471 2656 620 2723">
    <p class='ocr_par' dir='ltr' id='par_1_8' title="bbox 471 2656 620 2723">
     <span class='ocr_line' id='line_1_16' title="bbox 471 2656 620 2723; baseline -0.027 0"><span class='ocrx_word' id='word_1_91' title='bbox 471 2656 620 2723; x_wconf 87' lang='lat' dir='ltr'><strong>salutem.</strong></span> 
     </span>
    </p>
   </div>
   <div class='ocr_carea' id='block_1_9' title="bbox 302 2750 1524 2944">
    <p class='ocr_par' dir='ltr' id='par_1_9' title="bbox 302 2750 1524 2944">
     <span class='ocr_line' id='line_1_17' title="bbox 303 2750 1524 2839; baseline -0.01 -12"><span class='ocrx_word' id='word_1_92' title='bbox 303 2758 424 2839; x_wconf 60' lang='lat' dir='ltr'><strong>Senogix</strong></span> <span class='ocrx_word' id='word_1_93' title='bbox 518 2756 655 2823; x_wconf 86' lang='lat' dir='ltr'><strong>Summo</strong></span> <span class='ocrx_word' id='word_1_94' title='bbox 688 2752 914 2818; x_wconf 72' lang='lat' dir='ltr'><strong>desiderantes</strong></span> <span class='ocrx_word' id='word_1_95' title='bbox 947 2750 1070 2817; x_wconf 82' lang='lat' dir='ltr'><strong>affectu</strong></span> <span class='ocrx_word' id='word_1_96' title='bbox 1103 2772 1201 2839; x_wconf 85' lang='lat' dir='ltr'><strong>snper</strong></span> <span class='ocrx_word' id='word_1_97' title='bbox 1233 2754 1326 2818; x_wconf 89' lang='lat' dir='ltr'><strong>statu</strong></span> <span class='ocrx_word' id='word_1_98' title='bbox 1347 2755 1459 2819; x_wconf 87' lang='lat' dir='ltr'><strong>vestro</strong></span> <span class='ocrx_word' id='word_1_99' title='bbox 1489 2754 1524 2815; x_wconf 90' lang='lat' dir='ltr'><strong>et</strong></span> 
     </span>
     <span class='ocr_line' id='line_1_18' title="bbox 302 2841 1524 2944; baseline -0.01 -13"><span class='ocrx_word' id='word_1_100' title='bbox 302 2841 438 2944; x_wconf 54' lang='grc' dir='ltr'><strong>ξῗοῗζῃζω</strong></span> <span class='ocrx_word' id='word_1_101' title='bbox 473 2866 571 2927; x_wconf 85' lang='lat' dir='ltr'><strong>terrac</strong></span> <span class='ocrx_word' id='word_1_102' title='bbox 615 2860 738 2922; x_wconf 84' lang='lat' dir='ltr'><strong>nostrae</strong></span> <span class='ocrx_word' id='word_1_103' title='bbox 775 2852 960 2919; x_wconf 81' lang='lat' dir='ltr'><strong>Wcsconiae</strong></span> <span class='ocrx_word' id='word_1_104' title='bbox 997 2858 1032 2920; x_wconf 88' lang='lat' dir='ltr'><strong>et</strong></span> <span class='ocrx_word' id='word_1_105' title='bbox 1069 2852 1140 2940; x_wconf 85' lang='lat' dir='ltr'><strong>ejus</strong></span> <span class='ocrx_word' id='word_1_106' title='bbox 1176 2852 1440 2936; x_wconf 85' lang='lat' dir='ltr'><strong>circumstantiis,</strong></span> <span class='ocrx_word' id='word_1_107' title='bbox 1489 2857 1524 2919; x_wconf 91' lang='lat' dir='ltr'><strong>et</strong></span> 
     </span>
    </p>
   </div>
   <div class='ocr_carea' id='block_1_10' title="bbox 302 2956 1527 4781">
    <p class='ocr_par' dir='ltr' id='par_1_10' title="bbox 302 2956 1527 4781">
     <span class='ocr_line' id='line_1_19' title="bbox 302 2956 1524 3075; baseline -0.006 -47"><span class='ocrx_word' id='word_1_108' title='bbox 302 2959 429 3075; x_wconf 55' lang='lat' dir='ltr'><strong>fflffld·</strong></span> <span class='ocrx_word' id='word_1_109' title='bbox 475 2961 644 3048; x_wconf 70' lang='lat' dir='ltr'><strong>potissime</strong></span> <span class='ocrx_word' id='word_1_110' title='bbox 665 2978 805 3045; x_wconf 85' lang='lat' dir='ltr'><strong>parvos,</strong></span> <span class='ocrx_word' id='word_1_111' title='bbox 829 2977 914 3043; x_wconf 90' lang='lat' dir='ltr'><strong>quos</strong></span> <span class='ocrx_word' id='word_1_112' title='bbox 936 2956 1071 3024; x_wconf 84' lang='lat' dir='ltr'><strong>sincerae</strong></span> <span class='ocrx_word' id='word_1_113' title='bbox 1087 2957 1270 3024; x_wconf 78' lang='lat' dir='ltr'><strong>dilectionis</strong></span> <span class='ocrx_word' id='word_1_114' title='bbox 1291 2958 1434 3025; x_wconf 86' lang='lat' dir='ltr'><strong>brachiis</strong></span> <span class='ocrx_word' id='word_1_115' title='bbox 1455 2978 1524 3022; x_wconf 87' lang='lat' dir='ltr'><strong>am-</strong></span> 
     </span>
     <span class='ocr_line' id='line_1_20' title="bbox 303 3041 1524 3156; baseline -0.003 -27"><span class='ocrx_word' id='word_1_116' title='bbox 303 3041 430 3156; x_wconf 50' lang='lat' dir='ltr'><strong>scyllis</strong></span> <span class='ocrx_word' id='word_1_117' title='bbox 476 3065 658 3150; x_wconf 83' lang='lat' dir='ltr'><strong>plexamur,</strong></span> <span class='ocrx_word' id='word_1_118' title='bbox 692 3059 883 3139; x_wconf 81' lang='lat' dir='ltr'><strong>certiorari3</strong></span> <span class='ocrx_word' id='word_1_119' title='bbox 914 3057 1012 3124; x_wconf 84' lang='lat' dir='ltr'><strong>vobis</strong></span> <span class='ocrx_word' id='word_1_120' title='bbox 1041 3059 1247 3138; x_wconf 86' lang='lat' dir='ltr'><strong>mandamus,</strong></span> <span class='ocrx_word' id='word_1_121' title='bbox 1284 3060 1323 3126; x_wconf 90' lang='lat' dir='ltr'><strong>in</strong></span> <span class='ocrx_word' id='word_1_122' title='bbox 1355 3052 1421 3128; x_wconf 86' lang='lat' dir='ltr'><strong>fide</strong></span> <span class='ocrx_word' id='word_1_123' title='bbox 1458 3082 1524 3145; x_wconf 88' lang='lat' dir='ltr'><strong>qua</strong></span> 
     </span>
     <span class='ocr_line' id='line_1_21' title="bbox 305 3157 1524 3249; baseline -0.006 -14"><span class='ocrx_word' id='word_1_124' title='bbox 305 3157 433 3235; x_wconf 63' lang='lat' dir='ltr'><strong>rullhecr-</strong></span> <span class='ocrx_word' id='word_1_125' title='bbox 474 3167 570 3231; x_wconf 89' lang='lat' dir='ltr'><strong>nobis</strong></span> <span class='ocrx_word' id='word_1_126' title='bbox 592 3162 753 3232; x_wconf 88' lang='lat' dir='ltr'><strong>tenemini</strong></span> <span class='ocrx_word' id='word_1_127' title='bbox 774 3160 916 3228; x_wconf 86' lang='lat' dir='ltr'><strong>firmiter</strong></span> <span class='ocrx_word' id='word_1_128' title='bbox 937 3160 1158 3248; x_wconf 84' lang='lat' dir='ltr'><strong>injungentes,</strong></span> <span class='ocrx_word' id='word_1_129' title='bbox 1184 3164 1274 3249; x_wconf 90' lang='lat' dir='ltr'><strong>qnod</strong></span> <span class='ocrx_word' id='word_1_130' title='bbox 1295 3185 1355 3230; x_wconf 84' lang='lat' dir='ltr'><strong>sex</strong></span> <span class='ocrx_word' id='word_1_131' title='bbox 1387 3163 1429 3230; x_wconf 89' lang='lat' dir='ltr'><strong>de</strong></span> <span class='ocrx_word' id='word_1_132' title='bbox 1451 3183 1524 3248; x_wconf 89' lang='lat' dir='ltr'><strong>pro-</strong></span> 
     </span>
     <span class='ocr_line' id='line_1_22' title="bbox 304 3233 1524 3356; baseline -0.007 -16"><span class='ocrx_word' id='word_1_133' title='bbox 304 3233 462 3356; x_wconf 57' lang='lat' dir='ltr'><strong>liiidilf</strong></span> <span class='ocrx_word' id='word_1_134' title='bbox 473 3268 621 3335; x_wconf 87' lang='lat' dir='ltr'><strong>bioribus</strong></span> <span class='ocrx_word' id='word_1_135' title='bbox 654 3271 690 3334; x_wconf 88' lang='lat' dir='ltr'><strong>et</strong></span> <span class='ocrx_word' id='word_1_136' title='bbox 720 3263 966 3330; x_wconf 79' lang='lat' dir='ltr'><strong>discretioribus</strong></span> <span class='ocrx_word' id='word_1_137' title='bbox 998 3263 1190 3331; x_wconf 88' lang='lat' dir='ltr'><strong>hominibus</strong></span> <span class='ocrx_word' id='word_1_138' title='bbox 1221 3265 1368 3332; x_wconf 87' lang='lat' dir='ltr'><strong>civitatis</strong></span> <span class='ocrx_word' id='word_1_139' title='bbox 1404 3269 1524 3332; x_wconf 81' lang='lat' dir='ltr'><strong>vestrae</strong></span> 
     </span>
     <span class='ocr_line' id='line_1_23' title="bbox 473 3364 1524 3458; baseline -0.002 -24"><span class='ocrx_word' id='word_1_140' title='bbox 473 3392 533 3458; x_wconf 91' lang='lat' dir='ltr'><strong>pro</strong></span> <span class='ocrx_word' id='word_1_141' title='bbox 566 3375 677 3436; x_wconf 86' lang='lat' dir='ltr'><strong>vestra</strong></span> <span class='ocrx_word' id='word_1_142' title='bbox 710 3371 744 3434; x_wconf 90' lang='lat' dir='ltr'><strong>et</strong></span> <span class='ocrx_word' id='word_1_143' title='bbox 773 3365 942 3432; x_wconf 77' lang='lat' dir='ltr'><strong>commrmi</strong></span> <span class='ocrx_word' id='word_1_144' title='bbox 975 3364 1127 3432; x_wconf 87' lang='lat' dir='ltr'><strong>utilitate</strong></span> <span class='ocrx_word' id='word_1_145' title='bbox 1160 3371 1260 3435; x_wconf 89' lang='lat' dir='ltr'><strong>terrea</strong></span> <span class='ocrx_word' id='word_1_146' title='bbox 1292 3367 1459 3455; x_wconf 74' lang='lat' dir='ltr'><strong>praedicte</strong></span> <span class='ocrx_word' id='word_1_147' title='bbox 1480 3367 1524 3432; x_wconf 84' lang='lat' dir='ltr'><strong>sd</strong></span> 
     </span>
     <span class='ocr_line' id='line_1_24' title="bbox 472 3467 1525 3556; baseline -0.004 -18"><span class='ocrx_word' id='word_1_148' title='bbox 472 3495 532 3540; x_wconf 91' lang='lat' dir='ltr'><strong>nos</strong></span> <span class='ocrx_word' id='word_1_149' title='bbox 562 3471 708 3538; x_wconf 89' lang='lat' dir='ltr'><strong>mittatis</strong></span> <span class='ocrx_word' id='word_1_150' title='bbox 738 3468 775 3534; x_wconf 90' lang='lat' dir='ltr'><strong>in</strong></span> <span class='ocrx_word' id='word_1_151' title='bbox 798 3467 977 3555; x_wconf 81' lang='lat' dir='ltr'><strong>Angliam3</strong></span> <span class='ocrx_word' id='word_1_152' title='bbox 1015 3467 1067 3534; x_wconf 86' lang='lat' dir='ltr'><strong>ita</strong></span> <span class='ocrx_word' id='word_1_153' title='bbox 1097 3469 1187 3556; x_wconf 87' lang='lat' dir='ltr'><strong>quod</strong></span> <span class='ocrx_word' id='word_1_154' title='bbox 1220 3469 1290 3538; x_wconf 90' lang='lat' dir='ltr'><strong>sint</strong></span> <span class='ocrx_word' id='word_1_155' title='bbox 1320 3470 1364 3535; x_wconf 84' lang='lat' dir='ltr'><strong>ad</strong></span> <span class='ocrx_word' id='word_1_156' title='bbox 1397 3491 1458 3536; x_wconf 86' lang='lat' dir='ltr'><strong>nos</strong></span> <span class='ocrx_word' id='word_1_157' title='bbox 1487 3468 1525 3534; x_wconf 91' lang='lat' dir='ltr'><strong>in</strong></span> 
     </span>
     <span class='ocr_line' id='line_1_25' title="bbox 473 3570 1526 3656; baseline -0.004 -15"><span class='ocrx_word' id='word_1_158' title='bbox 473 3573 598 3641; x_wconf 90' lang='lat' dir='ltr'><strong>octabis</strong></span> <span class='ocrx_word' id='word_1_159' title='bbox 633 3571 776 3652; x_wconf 83' lang='lat' dir='ltr'><strong>Paschae,</strong></span> <span class='ocrx_word' id='word_1_160' title='bbox 807 3591 868 3635; x_wconf 87' lang='lat' dir='ltr'><strong>nos</strong></span> <span class='ocrx_word' id='word_1_161' title='bbox 902 3591 1001 3655; x_wconf 89' lang='lat' dir='ltr'><strong>super</strong></span> <span class='ocrx_word' id='word_1_162' title='bbox 1034 3570 1212 3656; x_wconf 77' lang='lat' dir='ltr'><strong>praemissis</strong></span> <span class='ocrx_word' id='word_1_163' title='bbox 1234 3571 1456 3652; x_wconf 83' lang='lat' dir='ltr'><strong>certificaturi,</strong></span> <span class='ocrx_word' id='word_1_164' title='bbox 1489 3575 1526 3638; x_wconf 91' lang='lat' dir='ltr'><strong>et</strong></span> 
     </span>
     <span class='ocr_line' id='line_1_26' title="bbox 472 3671 1524 3758; baseline -0.004 -17"><span class='ocrx_word' id='word_1_165' title='bbox 472 3674 644 3742; x_wconf 89' lang='lat' dir='ltr'><strong>consilium</strong></span> <span class='ocrx_word' id='word_1_166' title='bbox 678 3695 775 3738; x_wconf 87' lang='lat' dir='ltr'><strong>suum</strong></span> <span class='ocrx_word' id='word_1_167' title='bbox 806 3692 906 3758; x_wconf 88' lang='lat' dir='ltr'><strong>super</strong></span> <span class='ocrx_word' id='word_1_168' title='bbox 935 3671 989 3736; x_wconf 89' lang='lat' dir='ltr'><strong>his</strong></span> <span class='ocrx_word' id='word_1_169' title='bbox 1022 3693 1098 3757; x_wconf 86' lang='lat' dir='ltr'><strong>quae</strong></span> <span class='ocrx_word' id='word_1_170' title='bbox 1129 3673 1177 3738; x_wconf 89' lang='lat' dir='ltr'><strong>eis</strong></span> <span class='ocrx_word' id='word_1_171' title='bbox 1210 3672 1524 3740; x_wconf 78' lang='lat' dir='ltr'><strong>communicabimus</strong></span> 
     </span>
     <span class='ocr_line' id='line_1_27' title="bbox 472 3773 1525 3862; baseline -0.002 -19"><span class='ocrx_word' id='word_1_172' title='bbox 472 3777 567 3843; x_wconf 87' lang='lat' dir='ltr'><strong>nobis</strong></span> <span class='ocrx_word' id='word_1_173' title='bbox 600 3773 790 3862; x_wconf 83' lang='lat' dir='ltr'><strong>impensuri.</strong></span> <span class='ocrx_word' id='word_1_174' title='bbox 838 3773 952 3839; x_wconf 89' lang='lat' dir='ltr'><strong>Parati</strong></span> <span class='ocrx_word' id='word_1_175' title='bbox 989 3773 1079 3840; x_wconf 88' lang='lat' dir='ltr'><strong>enim</strong></span> <span class='ocrx_word' id='word_1_176' title='bbox 1110 3795 1224 3842; x_wconf 87' lang='lat' dir='ltr'><strong>sumus</strong></span> <span class='ocrx_word' id='word_1_177' title='bbox 1245 3776 1341 3842; x_wconf 85' lang='lat' dir='ltr'><strong>vobis</strong></span> <span class='ocrx_word' id='word_1_178' title='bbox 1376 3799 1416 3842; x_wconf 84' lang='lat' dir='ltr'><strong>ac</strong></span> <span class='ocrx_word' id='word_1_179' title='bbox 1450 3774 1525 3842; x_wconf 84' lang='lat' dir='ltr'><strong>aliis</strong></span> 
     </span>
     <span class='ocr_line' id='line_1_28' title="bbox 472 3875 1525 3965; baseline -0.002 -19"><span class='ocrx_word' id='word_1_180' title='bbox 472 3886 570 3946; x_wconf 74' lang='lat' dir='ltr'><strong>terrm</strong></span> <span class='ocrx_word' id='word_1_181' title='bbox 590 3881 713 3944; x_wconf 76' lang='lat' dir='ltr'><strong>nostra</strong></span> <span class='ocrx_word' id='word_1_182' title='bbox 729 3875 913 3942; x_wconf 86' lang='lat' dir='ltr'><strong>Wesconiee</strong></span> <span class='ocrx_word' id='word_1_183' title='bbox 932 3897 1033 3962; x_wconf 87' lang='lat' dir='ltr'><strong>super</strong></span> <span class='ocrx_word' id='word_1_184' title='bbox 1053 3875 1194 3962; x_wconf 86' lang='lat' dir='ltr'><strong>injuriis,</strong></span> <span class='ocrx_word' id='word_1_185' title='bbox 1217 3878 1246 3944; x_wconf 91' lang='lat' dir='ltr'><strong>si</strong></span> <span class='ocrx_word' id='word_1_186' title='bbox 1267 3900 1343 3965; x_wconf 75' lang='lat' dir='ltr'><strong>quse</strong></span> <span class='ocrx_word' id='word_1_187' title='bbox 1364 3879 1460 3946; x_wconf 85' lang='lat' dir='ltr'><strong>vobis</strong></span> <span class='ocrx_word' id='word_1_188' title='bbox 1481 3899 1525 3944; x_wconf 81' lang='lat' dir='ltr'><strong>ex</strong></span> 
     </span>
     <span class='ocr_line' id='line_1_29' title="bbox 472 3975 1525 4069; baseline -0.001 -23"><span class='ocrx_word' id='word_1_189' title='bbox 472 3987 566 4069; x_wconf 85' lang='lat' dir='ltr'><strong>parte</strong></span> <span class='ocrx_word' id='word_1_190' title='bbox 603 3983 718 4044; x_wconf 81' lang='lat' dir='ltr'><strong>nostra</strong></span> <span class='ocrx_word' id='word_1_191' title='bbox 754 3975 879 4042; x_wconf 84' lang='lat' dir='ltr'><strong>fuerint</strong></span> <span class='ocrx_word' id='word_1_192' title='bbox 908 3977 1074 4065; x_wconf 74' lang='lat' dir='ltr'><strong>irrogata,</strong></span> <span class='ocrx_word' id='word_1_193' title='bbox 1105 3977 1250 4064; x_wconf 75' lang='lat' dir='ltr'><strong>justitia</strong></span> <span class='ocrx_word' id='word_1_194' title='bbox 1283 3980 1525 4066; x_wconf 84' lang='lat' dir='ltr'><strong>plenitudinem</strong></span> 
     </span>
     <span class='ocr_line' id='line_1_30' title="bbox 472 4077 1524 4168; baseline -0.002 -20"><span class='ocrx_word' id='word_1_195' title='bbox 472 4082 634 4150; x_wconf 86' lang='lat' dir='ltr'><strong>exhibere.</strong></span> <span class='ocrx_word' id='word_1_196' title='bbox 681 4079 730 4145; x_wconf 85' lang='lat' dir='ltr'><strong>Et</strong></span> <span class='ocrx_word' id='word_1_197' title='bbox 753 4082 791 4144; x_wconf 89' lang='lat' dir='ltr'><strong>ut</strong></span> <span class='ocrx_word' id='word_1_198' title='bbox 813 4077 920 4144; x_wconf 90' lang='lat' dir='ltr'><strong>omnis</strong></span> <span class='ocrx_word' id='word_1_199' title='bbox 951 4077 1065 4145; x_wconf 84' lang='lat' dir='ltr'><strong>dolosa</strong></span> <span class='ocrx_word' id='word_1_200' title='bbox 1085 4084 1121 4145; x_wconf 90' lang='lat' dir='ltr'><strong>et</strong></span> <span class='ocrx_word' id='word_1_201' title='bbox 1149 4079 1363 4148; x_wconf 84' lang='lat' dir='ltr'><strong>fraudulenta</strong></span> <span class='ocrx_word' id='word_1_202' title='bbox 1382 4080 1524 4168; x_wconf 87' lang='lat' dir='ltr'><strong>suspicio</strong></span> 
     </span>
     <span class='ocr_line' id='line_1_31' title="bbox 472 4180 1525 4274; baseline -0.001 -23"><span class='ocrx_word' id='word_1_203' title='bbox 472 4186 603 4274; x_wconf 85' lang='lat' dir='ltr'><strong>penitus</strong></span> <span class='ocrx_word' id='word_1_204' title='bbox 635 4186 834 4269; x_wconf 81' lang='lat' dir='ltr'><strong>amputetur,</strong></span> <span class='ocrx_word' id='word_1_205' title='bbox 858 4180 973 4246; x_wconf 87' lang='lat' dir='ltr'><strong>literas</strong></span> <span class='ocrx_word' id='word_1_206' title='bbox 1002 4186 1133 4248; x_wconf 87' lang='lat' dir='ltr'><strong>nostras</strong></span> <span class='ocrx_word' id='word_1_207' title='bbox 1162 4187 1313 4269; x_wconf 85' lang='lat' dir='ltr'><strong>patentes</strong></span> <span class='ocrx_word' id='word_1_208' title='bbox 1342 4183 1383 4250; x_wconf 92' lang='lat' dir='ltr'><strong>de</strong></span> <span class='ocrx_word' id='word_1_209' title='bbox 1411 4205 1525 4250; x_wconf 84' lang='lat' dir='ltr'><strong>securo</strong></span> 
     </span>
     <span class='ocr_line' id='line_1_32' title="bbox 472 4281 1526 4372; baseline -0.005 -18"><span class='ocrx_word' id='word_1_210' title='bbox 472 4288 637 4354; x_wconf 88' lang='lat' dir='ltr'><strong>conductu</strong></span> <span class='ocrx_word' id='word_1_211' title='bbox 669 4289 704 4350; x_wconf 90' lang='lat' dir='ltr'><strong>et</strong></span> <span class='ocrx_word' id='word_1_212' title='bbox 727 4283 862 4348; x_wconf 84' lang='lat' dir='ltr'><strong>licentia</strong></span> <span class='ocrx_word' id='word_1_213' title='bbox 884 4281 989 4348; x_wconf 87' lang='lat' dir='ltr'><strong>libera</strong></span> <span class='ocrx_word' id='word_1_214' title='bbox 1014 4283 1059 4350; x_wconf 80' lang='lat' dir='ltr'><strong>ed</strong></span> <span class='ocrx_word' id='word_1_215' title='bbox 1091 4305 1153 4350; x_wconf 87' lang='lat' dir='ltr'><strong>nos</strong></span> <span class='ocrx_word' id='word_1_216' title='bbox 1178 4305 1238 4371; x_wconf 89' lang='lat' dir='ltr'><strong>per</strong></span> <span class='ocrx_word' id='word_1_217' title='bbox 1262 4290 1386 4351; x_wconf 87' lang='lat' dir='ltr'><strong>terram</strong></span> <span class='ocrx_word' id='word_1_218' title='bbox 1410 4289 1446 4351; x_wconf 89' lang='lat' dir='ltr'><strong>et</strong></span> <span class='ocrx_word' id='word_1_219' title='bbox 1468 4305 1526 4372; x_wconf 90' lang='lat' dir='ltr'><strong>per</strong></span> 
     </span>
     <span class='ocr_line' id='line_1_33' title="bbox 473 4383 1525 4472; baseline -0.005 -16"><span class='ocrx_word' id='word_1_220' title='bbox 473 4388 624 4455; x_wconf 89' lang='lat' dir='ltr'><strong>marein</strong></span> <span class='ocrx_word' id='word_1_221' title='bbox 650 4385 810 4472; x_wconf 85' lang='lat' dir='ltr'><strong>Angliam</strong></span> <span class='ocrx_word' id='word_1_222' title='bbox 836 4383 1002 4462; x_wconf 87' lang='lat' dir='ltr'><strong>veniendi,</strong></span> <span class='ocrx_word' id='word_1_223' title='bbox 1025 4384 1152 4451; x_wconf 86' lang='lat' dir='ltr'><strong>ibidem</strong></span> <span class='ocrx_word' id='word_1_224' title='bbox 1173 4386 1333 4465; x_wconf 90' lang='lat' dir='ltr'><strong>morandi,</strong></span> <span class='ocrx_word' id='word_1_225' title='bbox 1353 4392 1389 4453; x_wconf 89' lang='lat' dir='ltr'><strong>et</strong></span> <span class='ocrx_word' id='word_1_226' title='bbox 1416 4408 1525 4453; x_wconf 86' lang='lat' dir='ltr'><strong>rever-</strong></span> 
     </span>
     <span class='ocr_line' id='line_1_34' title="bbox 474 4486 1527 4576; baseline -0.003 -18"><span class='ocrx_word' id='word_1_227' title='bbox 474 4491 576 4570; x_wconf 89' lang='lat' dir='ltr'><strong>tendi,</strong></span> <span class='ocrx_word' id='word_1_228' title='bbox 606 4509 666 4576; x_wconf 90' lang='lat' dir='ltr'><strong>pro</strong></span> <span class='ocrx_word' id='word_1_229' title='bbox 696 4487 763 4552; x_wconf 89' lang='lat' dir='ltr'><strong>illis</strong></span> <span class='ocrx_word' id='word_1_230' title='bbox 794 4486 852 4572; x_wconf 91' lang='lat' dir='ltr'><strong>qui</strong></span> <span class='ocrx_word' id='word_1_231' title='bbox 894 4487 939 4550; x_wconf 87' lang='lat' dir='ltr'><strong>nd</strong></span> <span class='ocrx_word' id='word_1_232' title='bbox 976 4509 1037 4554; x_wconf 88' lang='lat' dir='ltr'><strong>nos</strong></span> <span class='ocrx_word' id='word_1_233' title='bbox 1078 4489 1217 4555; x_wconf 86' lang='lat' dir='ltr'><strong>venient</strong></span> <span class='ocrx_word' id='word_1_234' title='bbox 1257 4511 1301 4555; x_wconf 82' lang='lat' dir='ltr'><strong>ex</strong></span> <span class='ocrx_word' id='word_1_235' title='bbox 1341 4489 1527 4557; x_wconf 74' lang='lat' dir='ltr'><strong>abundanti</strong></span> 
     </span>
     <span class='ocr_line' id='line_1_35' title="bbox 474 4587 1527 4678; baseline -0.003 -20"><span class='ocrx_word' id='word_1_236' title='bbox 474 4589 741 4667; x_wconf 70' lang='lat' dir='ltr'><strong>transmittimus</strong></span> <span class='ocrx_word' id='word_1_237' title='bbox 757 4589 843 4654; x_wconf 91' lang='lat' dir='ltr'><strong>sicut</strong></span> <span class='ocrx_word' id='word_1_238' title='bbox 858 4587 894 4654; x_wconf 90' lang='lat' dir='ltr'><strong>in</strong></span> <span class='ocrx_word' id='word_1_239' title='bbox 910 4588 1031 4654; x_wconf 87' lang='lat' dir='ltr'><strong>eisdem</strong></span> <span class='ocrx_word' id='word_1_240' title='bbox 1046 4589 1152 4656; x_wconf 87' lang='lat' dir='ltr'><strong>literis</strong></span> <span class='ocrx_word' id='word_1_241' title='bbox 1174 4591 1303 4678; x_wconf 88' lang='lat' dir='ltr'><strong>plenius</strong></span> <span class='ocrx_word' id='word_1_242' title='bbox 1318 4593 1527 4670; x_wconf 87' lang='lat' dir='ltr'><strong>continetur;</strong></span> 
     </span>
     <span class='ocr_line' id='line_1_36' title="bbox 473 4691 1526 4781; baseline 0.001 -21"><span class='ocrx_word' id='word_1_243' title='bbox 473 4697 623 4760; x_wconf 85' lang='lat' dir='ltr'><strong>nolentes</strong></span> <span class='ocrx_word' id='word_1_244' title='bbox 653 4692 742 4778; x_wconf 91' lang='lat' dir='ltr'><strong>quod</strong></span> <span class='ocrx_word' id='word_1_245' title='bbox 781 4691 849 4756; x_wconf 88' lang='lat' dir='ltr'><strong>ulla</strong></span> <span class='ocrx_word' id='word_1_246' title='bbox 884 4694 1102 4781; x_wconf 79' lang='lat' dir='ltr'><strong>transgressio</strong></span> <span class='ocrx_word' id='word_1_247' title='bbox 1132 4715 1190 4760; x_wconf 88' lang='lat' dir='ltr'><strong>seu</strong></span> <span class='ocrx_word' id='word_1_248' title='bbox 1230 4695 1408 4760; x_wconf 85' lang='lat' dir='ltr'><strong>temeraria</strong></span> <span class='ocrx_word' id='word_1_249' title='bbox 1444 4717 1526 4781; x_wconf 70' lang='lat' dir='ltr'><strong>prse-</strong></span> 
     </span>
    </p>
   </div>
   <div class='ocr_carea' id='block_1_11' title="bbox 475 4793 1529 4886">
    <p class='ocr_par' dir='ltr' id='par_1_11' title="bbox 475 4793 1529 4886">
     <span class='ocr_line' id='line_1_37' title="bbox 475 4793 1529 4886; baseline -0.003 -22"><span class='ocrx_word' id='word_1_250' title='bbox 475 4797 619 4884; x_wconf 88' lang='lat' dir='ltr'><strong>sumptio</strong></span> <span class='ocrx_word' id='word_1_251' title='bbox 661 4796 737 4862; x_wconf 93' lang='lat' dir='ltr'><strong>hinc</strong></span> <span class='ocrx_word' id='word_1_252' title='bbox 778 4793 856 4860; x_wconf 86' lang='lat' dir='ltr'><strong>inde</strong></span> <span class='ocrx_word' id='word_1_253' title='bbox 897 4793 991 4882; x_wconf 87' lang='lat' dir='ltr'><strong>prius</strong></span> <span class='ocrx_word' id='word_1_254' title='bbox 1036 4801 1206 4863; x_wconf 85' lang='lat' dir='ltr'><strong>attentata</strong></span> <span class='ocrx_word' id='word_1_255' title='bbox 1249 4797 1298 4863; x_wconf 88' lang='lat' dir='ltr'><strong>eis</strong></span> <span class='ocrx_word' id='word_1_256' title='bbox 1345 4799 1529 4886; x_wconf 85' lang='lat' dir='ltr'><strong>imputetur</strong></span> 
     </span>
    </p>
   </div>
   <div class='ocr_carea' id='block_1_12' title="bbox 0 0 1818 5800">
    <p class='ocr_par' dir='ltr' id='par_1_12' title="bbox 0 0 1818 5800">
     <span class='ocr_line' id='line_1_38' title="bbox 0 0 1818 5800; baseline 0 0"><span class='ocrx_word' id='word_1_257' title='bbox 0 0 1818 5800; x_wconf 95' lang='lat' dir='ltr'><strong> </strong></span> 
     </span>
    </p>
   </div>
  </div>
 </body>
</html>
