3609 5800
445 932 510 999 274
600 914 716 995 norst
738 946 812 995 nnn
834 946 951 995 ornsn
973 945 1180 995 nrsromonn
1203 946 1353 995 nrrrrrs

279 1118 353 1197 rnen
366 1125 434 1196 “41¹-
445 1121 570 1185 hebent
590 1120 628 1185 in
649 1120 774 1207 Anglin
794 1142 862 1185 non
885 1120 1013 1206 possint
1044 1119 1206 1187 edduoere
1237 1120 1274 1185 in
1309 1118 1502 1185 Flendriem

278 1185 414 1303 §affin
446 1223 613 1288 commode
651 1229 685 1287 et
722 1244 841 1302 secure,
880 1222 1142 1288 dominationem
1179 1228 1326 1289 vestram
1363 1222 1503 1287 attentis
1581 1248 1586 1257 ¹

446 1325 598 1412 precibus
619 1323 774 1412 depreeor
795 1329 830 1389 et
851 1324 991 1411 requiro,
1015 1331 1178 1411 quatenns
1208 1324 1336 1391 intuitu
1360 1322 1504 1410 justitie

448 1432 484 1492 et
505 1428 644 1493 obtentu
676 1448 810 1513 precum
842 1448 990 1493 meerum
1019 1425 1137 1512 jubere
1171 1427 1254 1493 velit
1284 1430 1397 1493 vestre
1430 1425 1507 1490 sub-

448 1530 573 1595 limitas
610 1535 645 1595 et
677 1529 783 1595 ieoere
817 1531 907 1616 quod
941 1529 1023 1597 dieti
1057 1534 1262 1607 mercatores,
1294 1550 1369 1595 oum
1402 1548 1504 1613 regno

448 1631 607 1718 proedicto
660 1654 815 1718 prospere
866 1634 1018 1699 suecedet
1067 1632 1301 1719 tranquillitos,
1347 1634 1505 1718 operante

449 1733 603 1815 Domino,
626 1739 667 1799 ut
690 1733 835 1801 effeoto¹
857 1756 932 1801 enm
954 1736 1050 1802 bonis
1072 1736 1140 1803 suis
1169 1734 1340 1801 indemnes
1370 1734 1505 1799 valeant

448 1836 492 1901 nd
513 1836 649 1923 propria
669 1858 823 1915 remeare,
846 1838 965 1903 scituri
987 1838 1076 1924 qnod
1097 1842 1213 1925 gentes
1235 1836 1330 1924 regni
1353 1834 1504 1923 praedicti

448 1938 485 2002 in
507 1943 596 2005 terre
617 1938 785 2006 Flnndriae
808 1961 882 2005 oum
905 1939 1001 2006 bonis
1016 1941 1084 2006 suis
1106 1941 1207 2006 selvae
1230 1944 1309 2005 sunt
1323 1939 1448 2025 pariter
1470 1942 1506 2001 et

448 2062 578 2107 securae
626 2040 783 2107 Ceterum
805 2042 932 2107 Jnoobo
955 2042 1071 2109 clerieo
1085 2065 1158 2109 meo
1175 2042 1275 2109 latori
1290 2042 1503 2129 presentium

448 2143 579 2210 eredere
600 2143 686 2209 velit
705 2149 818 2209 vestra
839 2144 999 2211 eelsitudo
1021 2146 1113 2233 regie
1135 2168 1232 2233 super
1245 2145 1297 2210 his
1320 2166 1394 2231 qnae
1409 2142 1505 2210 vobis

385 2300 389 2306 .
448 2245 574 2311 dixerit
596 2246 636 2311 de
657 2246 841 2333 praemiseis

494 2348 621 2414 Datum
643 2370 732 2415 anno
754 2349 891 2415 Domini
914 2350 1089 2417 millesimo
1123 2348 1346 2415 duoentesimo
1370 2368 1504 2434 serege-

448 2452 532 2515 simo
554 2456 682 2537 quarto,
704 2450 881 2518 Dominien
901 2458 979 2541 post
1000 2452 1258 2520 Deoolletionem
1284 2452 1321 2519 Β.
1342 2450 1505 2517 Johennis

450 2552 620 2640 Baptistae.

880 2868 1088 2936 DOXXVII.

450 3002 608 3069 erons
630 3002 769 3068 Dnnrrs
790 3019 859 3070 ron
881 3003 1037 3070 Lmnrns
1060 3004 1199 3070 Pensm
1222 3019 1266 3068 or
1289 3001 1423 3070 Hnrer
1439 2999 1503 3065 ΙΙΙ.

806 3122 881 3173 nnn
903 3125 974 3172 nnn
997 3107 1149 3174 Brutone

767 3229 891 3294 (chapter
901 3229 989 3283 Honse
1000 3230 1188 3294 Miscellanee.)

945 3334 1003 3420 (1·)

283 3481 372 3532 About
496 3457 569 3523 Rex
591 3462 626 3524 et
646 3459 786 3524 barones
808 3459 970 3539 omnibus,
994 3464 1053 3524 ete
1102 3457 1186 3524 Onm
1209 3459 1380 3524 internos
1403 3421 1502 3544 super

283 3549 387 3665 Ἆῤ,
450 3560 627 3645 preteritis
661 3583 853 3649 guerrarum
886 3561 1129 3626 enrrimrrnrr
1152 3561 1304 3648 quedem
1338 3560 1502 3626 rrnreer

282 3705 331 3756 We
342 3707 438 3772 hereny
449 3684 507 3728 seu
540 3662 644 3728 forme
676 3664 765 3749 penis
796 3663 838 3728 de
869 3667 984 3730 nostro
1019 3685 1056 3728 eo
1088 3661 1301 3750 preeletorum
1335 3685 1373 3728 eo
1399 3663 1502 3727 totius

281 3787 356 3836 agree
366 3781 393 3824 to
449 3771 696 3836 communitatis
711 3771 805 3858 regni
821 3771 954 3858 Angliae
970 3770 1120 3835 unanimi
1135 3769 1309 3838 voluntate
1324 3775 1358 3835 et
1373 3791 1505 3837 assensu

281 3841 429 3958 iffi„
449 3873 500 3938 hir
538 3873 653 3938 diebus
686 3874 826 3960 previde
863 3873 1100 3939 deliberatione
1137 3875 1224 3939 irre
1256 3873 1367 3954 fuer-n,
1405 3895 1504 3958 quem

280 3971 363 4022 inme
449 3977 566 4062 utique
589 3977 661 4042 Deo
684 3981 851 4064 aooeptem
873 3982 908 4042 et
930 3977 1026 4043 nobis
1048 3999 1086 4042 ee
1108 3999 1210 4065 regno
1233 3973 1319 4063 ipsi³
1342 3975 1504 4042 oredimus

280 4038 429 4158 diffidit.
449 4082 689 4165 opportunam
712 4078 790 4166 quie
811 4085 926 4144 tnmen
958 4079 1063 4164 eliqui
1085 4079 1165 4146 faeti
1187 4080 1364 4146 veritatem
1396 4079 1505 4144 minus

281 4171 408 4226 bitrrtore
448 4181 544 4266 plene
580 4181 815 4267 intelligentes,
865 4181 1108 4248 ordinationem
1165 4183 1270 4268 ipsam
1315 4203 1373 4247 seu
1416 4180 1506 4267 pacis

448 4283 588 4350 formam
609 4284 720 4349 minus
741 4282 956 4350 suffioientem
986 4287 1175 4363 asserentes,
1197 4283 1397 4370 quibusdam
1426 4282 1507 4348 arti-

449 4385 531 4450 onlis
561 4387 597 4450 in
631 4387 746 4453 eedem
779 4386 924 4468 insertis,
956 4392 1056 4473 prout
1090 4387 1220 4466 dieitur,
1253 4385 1401 4454 contenti
1437 4406 1506 4450 non

453 4534 639 4544 --—-—-·——--
653 4537 989 4546 --—----——-—--—-·-·
1003 4538 1094 4546 ——r-u-

483 4608 489 4637 ¹
507 4605 610 4674 affecto]
630 4607 664 4660 So
676 4607 732 4660 ns.
1002 4615 1072 4662 1264.
1092 4609 1139 4662 See
1147 4609 1249 4675 Hymet,
1257 4608 1274 4659 i.
1284 4625 1308 4674 p.
1318 4607 1503 4667 4463Bluuw,

481 4685 591 4737 ²'l'heee
613 4702 705 4752 appear
726 4695 754 4738 to
777 4687 878 4740 eonnin
907 4689 948 4738 the
998 4705 1023 4752 p.
1036 4693 1093 4740 210.

447 4764 502 4814 first
520 4767 647 4830 proponis
658 4767 698 4815 for
715 4767 759 4818 the
776 4767 945 4833 negotiatione
1031 4769 1118 4834 ἰ’ρεί]
1139 4767 1276 4818 Atterthis
1287 4765 1345 4819 MS.
1360 4767 1406 4818 hes
1425 4763 1504 4817 enlm

447 4843 533 4894 which
554 4859 619 4896 vere
642 4845 740 4896 oerried
761 4854 805 4896 out
833 4846 860 4897 in
880 4847 949 4911 Sept.
997 4849 1090 4900 erased
