3609 5800
403 814 655 871 mnusnuemvn
676 816 721 867 ΟΒ
744 816 815 865 ‘rue
837 815 948 865 uelum
971 814 1015 863 OF
1038 812 1160 863 HENRY
1183 812 1233 862 111.
1281 792 1342 869 27]

725 1164 893 1233 Dcxxv.

353 1318 484 1384 Heunu
507 1317 569 1384 ΙΙΙ.
593 1333 728 1383 nouus
752 1318 836 1383 Meu
858 1334 902 1382 oe
926 1317 1280 1389 Nouuuuusnnusun.

509 1459 580 1524 (not.
592 1458 647 1509 Pet.
660 1464 692 1509 48
704 1458 770 1509 ileu.
783 1457 841 1517 111..
852 1460 944 1509 memb.
957 1464 972 1509 6
984 1458 1010 1507 in
1023 1460 1119 1521 dorso.)

339 1576 412 1641 Rex
444 1575 704 1663 archiepiscopis,
736 1579 807 1653 stc,
839 1580 876 1640 et
913 1575 1076 1643 universe
1115 1574 1346 1647 communitati
1359 1578 1431 1643 Aue·
1444 1583 1484 1639 2¹,

294 1679 471 1745 comitatus
494 1677 736 1757 Norhumbriae,
759 1676 907 1745 salutem
1361 1650 1433 1699 lm

339 1781 506 1869 cumpro
529 1786 618 1848 certo
640 1780 736 1847 nobis
758 1780 948 1846 constiterit
970 1781 1058 1867 quod
1088 1780 1347 1869 alienigenarum
1359 1800 1469 1866 Propere
1481 1808 1507 1852 so

295 1906 416 1973 magna
452 1884 643 1963 multitudo,
682 1883 817 1973 navigio
855 1883 1083 1972 undecumque
1120 1884 1266 1964 collecte,
1304 1886 1347 1953 acl
1360 1868 1482 1988 ffiom

294 2010 433 2077 regnum
470 1994 620 2054 nostrum
652 1987 687 2051 vi
710 1992 839 2053 armata
872 1986 1067 2055 intrandum
1097 2011 1131 2055 se
1162 1989 1347 2079 prae[poret,

295 2114 362 2159 non
385 2084 490 2158 solum
513 2091 556 2157 ad
579 2096 728 2156 nostram
750 2090 809 2156 sed
832 2091 876 2155 ad
901 2090 1064 2177 omnium]
1089 2096 1124 2157 et
1146 2092 1348 2181 singulorum

296 2197 389 2283 regni
411 2195 513 2283 ipsius
535 2193 758 2259 confusionem
781 2197 816 2260 et
838 2194 1126 2262 exheredationem
1148 2202 1350 2285 perpetuam,

296 2299 361 2363 nisi
384 2298 431 2363 eis
462 2299 497 2363 in
528 2318 631 2362 manu
663 2295 743 2361 forti
777 2296 970 2363 duxerimus
1000 2298 1223 2381 obviandum
1253 2300 1349 2367 vobis

296 2401 489 2469 mandamus
511 2402 547 2465 in
569 2399 636 2465 fide
667 2420 732 2485 qua
754 2399 851 2465 nobis
881 2401 1041 2466 tenemini
1074 2401 1214 2467 firmiter
1240 2403 1350 2489 injun-

296 2510 421 2593 gentes,
444 2508 607 2591 quatenus
621 2524 681 2569 vos
703 2502 827 2567 milites
850 2522 962 2569 omnes
983 2510 1017 2571 et
1043 2503 1161 2593 liber[e
1184 2510 1348 2595 tenentes]

297 2609 354 2695 qui
380 2608 424 2673 ad
453 2608 515 2673 hoc
544 2604 715 2673 sufficitis¹
741 2628 815 2671 cum
842 2607 935 2693 equis
965 2612 999 2671 et
1025 2608 1124 2673 cumis
1150 2608 1292 2675 viriliter
1316 2616 1350 2675 et

296 2715 449 2798 potenter
470 2730 530 2776 vos
551 2709 740 2797 preparetis
762 2710 805 2775 ad
835 2708 1056 2775 defensionem
1080 2712 1255 2779 meritimm
1277 2735 1351 2800 par·

297 2815 383 2881 tium
405 2819 598 2891 vestrarum,
612 2816 711 2903 prout
726 2812 904 2881 vicecomes
927 2819 1038 2883 noster
1060 2815 1154 2883 vobis
1168 2815 1352 2904 injunxerit

297 2942 340 2984 ex
361 2923 457 3006 poste
478 2924 598 2984 nostra
687 2994 691 3004 ¹

342 3022 387 3088 Et
409 3029 456 3100 tu,
479 3023 666 3102 vicecomes,
682 3027 850 3109 assumpto
871 3027 981 3090 tecum
1004 3025 1137 3090 mmtode
1157 3027 1245 3112 pacis
1267 3025 1350 3113 ejus·

299 3125 374 3191 dem
407 3124 592 3202 comitatus,
616 3124 872 3212 archiepiscopis,
907 3127 1072 3214 episcopie,
1096 3127 1282 3210 baronibus,
1318 3135 1352 3196 et

300 3228 451 3295 omnibus
473 3227 547 3292 eliis
570 3229 628 3314 qui
650 3227 745 3294 nobis
767 3228 941 3294 servitium
964 3229 1086 3296 debent
1110 3231 1295 3313 denuncies,
1318 3237 1352 3297 et

299 3331 438 3398 tirmiter
459 3331 614 3418 injungas
645 3351 687 3394 ex
719 3336 813 3418 parte
843 3337 966 3408 nostra,
998 3331 1034 3396 in
1056 3331 1120 3398 fide
1144 3339 1178 3397 et
1199 3333 1351 3422 homagio

300 3432 421 3522 quibus
442 3432 537 3498 nobis
562 3433 733 3512 tenemini,
747 3440 781 3500 et
798 3433 883 3500 sicut
905 3455 940 3500 se
965 3433 1053 3521 ipsos
1079 3439 1182 3502 terras
1204 3441 1238 3502 et
1262 3443 1353 3506 tenc-

300 3541 413 3604 menta
434 3559 495 3602 sua
516 3535 669 3624 diligunt,
694 3541 733 3604 ut
755 3587 1039 3604 ..........
1061 3560 1136 3604 oum
1159 3539 1294 3608 servitio
1317 3543 1352 3606 in

301 3661 366 3726 quo
388 3639 483 3706 nobis
505 3643 671 3719 tenentur,
694 3638 752 3706 sed
775 3639 915 3726 quilibet
938 3645 1063 3726 quanto
1078 3641 1214 3722 virilius,
1237 3649 1353 3732 poten-

300 3743 376 3822 tius,
400 3747 435 3808 et
457 3741 555 3808 citius
576 3742 700 3830 poterit
722 3764 796 3809 cum
819 3743 912 3830 equis
943 3747 978 3808 et
999 3745 1099 3810 usmis
1131 3751 1165 3810 et
1188 3745 1353 3834 peditibus

301 3845 420 3924 electis,
443 3867 524 3933 quos
546 3845 667 3910 habere
701 3845 833 3933 poteuit,
856 3851 911 3911 eat
934 3845 988 3912 vel
1020 3846 1136 3913 mittet
1162 3849 1205 3914 ed
1227 3850 1353 3917 meriti-

301 3969 390 4014 mom
411 3947 606 4036 p1aedictam
626 3949 670 4014 ad
700 3947 920 4014 resistendum
943 3947 1102 4018 efficacius
1124 3951 1201 4018 huic
1229 3999 1238 4018 .
1269 4003 1276 4020 .
1307 4003 1314 4018 .
1344 4001 1354 4024 .

300 4105 307 4118 .
337 4101 347 4120 .
374 4099 386 4120 .
414 4101 424 4118 .
452 4050 648 4118 imminenti
694 4050 766 4117 Neo
788 4052 963 4138 quisquam
985 4075 1044 4139 per
1065 4055 1221 4141 temporis
1244 4055 1353 4122 brevi·

300 4160 414 4233 tatem,
444 4155 532 4241 quod
562 4155 598 4220 in
630 4175 664 4220 se
695 4155 890 4222 rationabile
921 4157 1186 4224 summonitionis
1224 4163 1353 4248 tempus

301 4279 368 4324 non
413 4257 593 4337 contineat,
630 4280 664 4324 ee
702 4263 856 4341 excuset3
894 4261 973 4346 quia
1009 4261 1139 4328 instans
1176 4265 1353 4330 necessitas

301 4366 432 4449 tempus
453 4383 520 4426 non
546 4359 673 4448 patitur
695 4361 834 4427 ulterius
859 4365 1036 4450 prorogari.
1082 4364 1160 4429 Non
1182 4367 1270 4432 enim
1301 4368 1351 4434 in·
1418 4408 1423 4418 ·

301 4465 469 4530 tendimus
503 4470 562 4529 eut
585 4463 738 4530 volumus
769 4465 828 4531 hoo
860 4465 1074 4552 imposterum
1096 4468 1183 4534 trahi
1207 4470 1243 4535 in
1275 4492 1351 4538 con-

369 4617 607 4626 ..-.----——-·-
641 4618 718 4625 .-.-
758 4619 1290 4632 -.--—-—----—--—----.-----—.--...-

337 4692 487 4757 ¹suffic1'lb]
517 4690 640 4742 snfflcotcs
660 4693 711 4756 (i),
730 4693 785 4744 MS.
821 4693 970 4743 Theletters
988 4695 1120 4753 aremuli,
1139 4698 1189 4746 end
1205 4697 1247 4748 the
1266 4700 1350 4751 differ-

302 4789 364 4824 encc
374 4774 486 4823 between
498 4773 508 4820 i
519 4772 570 4823 und
580 4787 595 4822 e
606 4771 692 4837 slight.
