3609 5800
417 887 667 938 Ilitusmrlvn
691 889 735 937 OF
759 889 828 938 run
851 887 960 938 REIGN
988 888 1032 935 ΟΕ
1059 887 1179 936 HENRY
1202 888 1253 937 111.
1300 875 1365 937 283

358 1061 508 1148 Cumque
546 1083 606 1148 pro
639 1083 678 1126 eo
710 1033 975 1148 quodquidam
1009 1060 1212 1126 marchiones
1243 1064 1278 1125 et
1310 1058 1367 1123 alii
1380 1053 1504 1171 &mlh

313 1164 408 1230 nobis
430 1169 465 1230 et
496 1185 597 1251 regno
631 1168 744 1230 nostro
776 1163 996 1240 adversantes,
1014 1163 1117 1248 juxta
1146 1163 1366 1250 provisionem
1379 1137 1484 1252 epidio'
1504 1137 1520 1170 ⁰

313 1289 419 1354 nuper
440 1268 528 1353 apud
552 1266 768 1353 Wygorniam
790 1266 831 1331 de
863 1286 1021 1331 consensu
1043 1266 1222 1331 eorundem
1244 1265 1366 1330 factam
1379 1255 1492 1306 ’ΜΝ

313 1375 348 1435 et
364 1369 556 1454 juramento
578 1389 637 1433 suo
659 1369 834 1446 firmatam,
857 1389 998 1454 regnum
1019 1372 1170 1434 nostrum
1191 1367 1280 1432 infra
1300 1389 1366 1432 cer·
1378 1328 1525 1440 fulgidi?

313 1477 386 1538 tum
420 1477 550 1558 tempus
582 1471 672 1536 exire
710 1469 909 1548 debuissent,
933 1492 1035 1557 usque
1069 1471 1112 1536 ad
1142 1475 1270 1536 certum
1301 1454 1496 1586 oer'iiehhce

314 1574 441 1638 minum
472 1596 597 1638 moram
631 1573 751 1638 facturi
785 1577 880 1638 extre
911 1593 1051 1658 regnum
1082 1572 1286 1658 praedictum,
1309 1589 1469 1658 proonthe

314 1697 392 1762 pace
413 1680 527 1741 nostra
548 1675 675 1740 firmius
698 1675 923 1752 asserui-ande,
955 1673 1044 1760 qued
1075 1673 1234 1740 hactenus
1263 1675 1370 1740 faeere
1380 1655 1512 1714 ΜΨ

314 1778 523 1860 distulerunt,
547 1798 636 1842 nunc
667 1779 703 1841 in
734 1777 884 1864 partibus
919 1776 1075 1842 marchiae
1098 1798 1242 1864 agamus,
1265 1782 1305 1842 ut
1327 1777 1368 1842 de

231 1907 234 1914 ’
315 1881 479 1969 praedietis
502 1880 747 1946 marchionibus
770 1882 804 1944 et
827 1879 901 1944 ahie
932 1879 1155 1966 provisionem
1176 1879 1368 1966 praedictam

315 1983 486 2072 adimpleri
508 1982 675 2062 faciemus,
697 1983 740 2047 ad
763 1981 911 2070 partium
933 1981 1067 2046 illarum
1089 1987 1124 2047 et
1146 1983 1253 2047 totius
1273 1985 1368 2068 regni

315 2085 547 2165 securitatem
580 2105 618 2150 ae
639 2084 776 2171 quidam
808 2082 915 2148 nostri
937 2088 972 2149 et
994 2084 1089 2170 regni
1120 2085 1224 2150 nostri
1247 2085 1367 2163 aemuli,

315 2193 354 2253 ut
377 2187 573 2265 audivimus,
597 2187 763 2254 contraria
793 2189 974 2273 suggerant
996 2207 1055 2272 per
1076 2186 1146 2251 loca
1168 2185 1306 2264 diversa,
1327 2191 1370 2250 ut

314 2291 361 2356 sic
383 2289 592 2354 devotionem
615 2286 729 2376 populi
750 2289 857 2353 nostri
880 2287 1071 2366 diminuere,
1087 2292 1249 2354 eteorum
1271 2289 1369 2354 corda

314 2415 334 2456 e
355 2399 470 2458 nostra
492 2391 665 2456 dilectione
688 2395 722 2456 et
744 2390 907 2456 fidelitate
922 2411 980 2477 per
994 2389 1220 2478 suggestiones
1243 2391 1369 2456 dolosas

315 2501 350 2559 et
372 2494 506 2560 omnino
528 2493 626 2558 falsas
653 2497 817 2572 avertent,
840 2513 898 2580 per
930 2491 1020 2578 qued
1053 2493 1090 2555 in
1120 2513 1222 2578 regno
1244 2496 1368 2573 nostro,

315 2597 402 2682 quod
425 2595 522 2675 absit,
553 2595 657 2682 possit
680 2596 800 2661 iterato
832 2615 920 2659 nova
941 2593 1089 2659 turbatio
1111 2594 1280 2659 suscitari:
1304 2595 1370 2660 tibi

314 2699 529 2787 praecipimus,
552 2697 692 2764 firmiter
725 2697 936 2784 injungentes
969 2696 1057 2782 quod
1089 2696 1117 2761 ei
1153 2719 1233 2783 quos
1256 2697 1369 2784 hujus-

314 2801 404 2866 modi
450 2804 657 2887 suggestores
693 2799 776 2864 falsa
813 2799 1030 2886 praedicantes
1067 2799 1104 2862 in
1150 2798 1273 2863 balliva
1309 2804 1370 2865 tua

314 2904 489 2984 inveneris,
511 2926 565 2969 eos
589 2904 659 2968 sine
682 2902 840 2968 dilatione
863 2900 1016 2969 arrestari
1038 2906 1074 2966 at
1096 2900 1188 2966 salvo
1210 2901 1369 2967 custodiri

315 3004 451 3084 facietis,
476 3006 578 3071 donec
612 3004 705 3069 aliud
739 3026 759 3070 a
790 3004 885 3070 nobis
920 3025 1019 3090 super
1040 3003 1102 3068 hoc
1123 3004 1311 3090 receperitis
1333 3004 1369 3068 in

316 3106 498 3188 mandatie3
522 3113 556 3172 et
578 3107 736 3195 populum
762 3112 910 3172 nostrum
936 3108 977 3172 de
999 3106 1124 3172 bellive
1148 3109 1209 3172 tua
1230 3108 1273 3171 ad
1294 3107 1368 3171 uni-

317 3216 430 3289 tatem,
454 3209 670 3287 concordiam,
701 3212 736 3275 et
766 3208 867 3273 fidem
899 3212 1057 3286 nostram,
1081 3210 1189 3275 modis
1215 3208 1369 3274 omnibus

317 3313 434 3399 quibus
456 3312 574 3377 melius
597 3310 706 3377 scieris
722 3316 756 3376 et
779 3310 912 3398 poteris,
934 3315 1048 3376 teneas
1071 3316 1106 3377 et
1126 3311 1269 3377 induces.

363 3415 409 3480 Et
438 3420 477 3479 ut
500 3412 653 3478 omuibus
686 3413 725 3478 de
758 3412 881 3477 bellive
916 3417 976 3477 tua
1004 3413 1153 3479 veracius
1176 3418 1304 3479 constet
1327 3413 1367 3477 de
1380 3406 1515 3485 anduno

317 3522 429 3583 nostro
453 3516 619 3605 proposito
646 3521 680 3581 et
710 3516 892 3595 voluntate,
916 3515 981 3580 tibi
1004 3514 1144 3582 firmiter
1165 3515 1367 3604 injungendo
1380 3472 1537 3590 {hidiiient

316 3619 521 3706 praeeipimus
537 3620 625 3705 quod
641 3619 793 3704 antiques
808 3622 915 3683 cartas
930 3619 1153 3683 communium
1174 3620 1367 3685 libertatum
1380 3607 1526 3682 ΨΜ

317 3728 351 3787 et
381 3720 511 3787 forestae
544 3720 773 3786 communitati
811 3720 905 3807 regni
935 3720 1041 3786 nostri
1072 3745 1093 3785 a
1123 3722 1220 3787 nobis
1243 3722 1367 3787 dudum
1380 3674 1530 3788 pgdgqanees

317 3845 490 3904 concessas,
513 3828 548 3889 et
570 3822 813 3888 ordinationem
836 3844 935 3909 super
956 3826 1069 3889 nostro
1092 3829 1126 3891 et
1147 3825 1241 3912 regni
1264 3805 1534 3921 nostrifflffiffffd

317 3930 409 3991 statu
445 3944 551 4012 nuper
590 3924 769 3990 Londoniee
806 3924 936 4004 factam,
975 3946 1102 3991 necnon
1140 3932 1175 3991 et
1212 3926 1369 4012 quosdam
1382 3940 1471 4015 serven

318 4028 472 4095 articulos
495 4028 536 4092 de
558 4033 670 4093 nostro
686 4033 721 4091 et
735 4032 929 4113 magnatum
946 4032 1045 4093 terrae
1059 4034 1180 4095 nostrae
1203 4028 1369 4093 communi
1381 4004 1530 4133 ἓξὲξ-ἰωὴ,

318 4152 452 4197 assensu
474 4126 515 4194 de
538 4128 736 4215 quibusdam
752 4129 1047 4195 constitutionibus
1070 4131 1196 4196 dudum
1218 4130 1368 4217 provisis,
1380 4136 1481 4188 diction·

317 4256 375 4321 per
407 4238 515 4298 totam
546 4231 704 4297 ballivum
735 4236 829 4296 tuem
861 4232 993 4297 recitari
1027 4238 1062 4297 et
1095 4232 1236 4297 firmiter
1262 4236 1368 4297 teneri

317 4336 454 4416 faciatis,
471 4336 507 4399 in
529 4334 635 4399 forma
656 4356 761 4421 nuper
782 4334 861 4399 inde
882 4334 947 4399 tibi
963 4332 1094 4400 directe.
1141 4336 1186 4399 Et
1208 4337 1270 4401 hoe
1284 4337 1370 4401 sieut

316 4441 474 4505 honorem
497 4441 649 4502 nostrum
672 4441 706 4501 et
728 4436 1006 4522 tranquillitatem
1022 4439 1116 4524 regni
1130 4440 1237 4503 nostri
1260 4438 1370 4525 diligis

318 4564 386 4608 non
411 4539 552 4605 omittas
587 4538 657 4604 Nos
680 4538 769 4603 enim
791 4560 849 4626 per
863 4538 989 4625 aliquos
1012 4540 1052 4604 de
1074 4538 1228 4605 fidelibus
1249 4542 1370 4606 nestris

318 4646 354 4711 in
370 4643 463 4709 brevi
481 4640 637 4707 faciemus
659 4642 792 4729 inquiri,
816 4642 958 4729 qualiter
973 4646 1012 4707 tu
1028 4646 1062 4707 et
1084 4643 1140 4707 alii
1163 4644 1370 4711 vicecomites

319 4753 354 4813 et
386 4744 503 4812 ballivi
537 4744 652 4825 nostri,
684 4742 804 4829 quibus
835 4744 896 4811 hoc
927 4745 1015 4811 idem
1049 4729 1288 4825 mandavimus,
1311 4770 1370 4813 vos
