3609 5800
402 923 649 975 ituusrnmwc
671 923 715 970 or
736 923 807 972 run
830 923 939 972 enisu
961 923 1006 970 or
1029 921 1151 970 never
1174 923 1224 970 111.
1270 907 1336 970 323

287 1097 411 1163 tionem
433 1097 525 1164 illem
547 1097 624 1163 inde
645 1097 840 1165 inveneritis
873 1094 969 1160 nobis
999 1093 1061 1159 sub
1094 1092 1203 1180 sigillo
1223 1097 1338 1158 nostro

284 1201 436 1266 scaccarii
471 1199 622 1288 praedicti
654 1201 857 1288 significetis,
888 1204 928 1265 ut
961 1197 1050 1285 quod
1078 1196 1210 1283 justum
1237 1195 1340 1261 fuerit

283 1301 355 1366 fieri
390 1301 548 1369 feciumus
584 1304 621 1368 in
658 1301 718 1368 hec
754 1307 870 1391 perte3
914 1305 950 1367 et
993 1301 1055 1365 hoc
1098 1299 1199 1366 breve
1242 1297 1340 1364 nobis

286 1406 472 1472 remittetis

329 1507 425 1574 Teste
459 1531 512 1574 me
541 1509 613 1596 ipso
649 1509 739 1595 cpud
774 1507 1113 1584 westmonasterium,
1147 1503 1250 1570 tertio
1283 1503 1337 1569 die

283 1611 419 1700 Aprilis,
441 1633 528 1679 suno
550 1613 643 1700 regni
664 1611 770 1677 nostrl
792 1611 1064 1699 quinquagesimo
1086 1604 1236 1675 secundo.
1284 1685 1291 1694 Α

330 1711 507 1783 [numeru
554 1715 726 1782 iohannes
741 1711 852 1778 Luvel

595 1937 846 1946 -ι--η--ι-...αη-
854 1937 934 1944 —---.-
959 1937 978 1944 -v
994 1937 1007 1944 ο

719 2109 899 2178 DOLXVI.

341 2269 418 2334 Tim
441 2269 600 2337 Cossum
621 2285 666 2334 or
689 2267 875 2336 Tomouss
897 2285 941 2334 vo
959 2263 1095 2334 Purser
1118 2267 1282 2336 Envlun

619 2421 716 2487 (Royul
725 2421 832 2482 leuen,
844 2419 893 2472 No.
909 2423 1004 2484 toti.)

334 2556 560 2624 Illustrissimo
594 2555 667 2623 viro
700 2563 735 2622 et
767 2577 932 2644 generoso,
956 2576 1055 2642 quem
1084 2555 1241 2621 nobilitas
1263 2576 1338 2619 sen·
1351 2553 1468 2622 Julyei,

287 2659 397 2746 guinis
419 2663 454 2726 et
476 2659 676 2748 refulgentis
698 2658 874 2746 probitatis
896 2663 997 2745 atque
1018 2678 1148 2723 morum
1162 2657 1339 2745 insignitus
1353 2626 1425 2673 ¹²⁶&

287 2761 406 2828 reddat
426 2763 515 2828 inter
536 2767 661 2828 ceteros
687 2761 864 2840 clariorem,
892 2761 1026 2826 domino
1056 2757 1249 2840 Eedwnrdo,
1273 2761 1341 2848 pri-

288 2865 456 2953 mogenito
489 2863 688 2932 serenissimi
722 2863 847 2931 domini
884 2863 972 2951 regis
1009 2862 1151 2951 Angliae,
1189 2861 1339 2929 consules

288 2968 435 3034 civitatis
468 2973 503 3033 et
540 2967 691 3034 suburbii
724 2966 874 3034 Tholosae
911 2990 946 3032 se
983 2968 1080 3054 ipsos,
1118 2986 1194 3031 cum
1231 2966 1338 3032 solute

287 3075 389 3156 etque
411 3070 545 3138 honoris
566 3071 796 3159 prosperitatis
819 3076 854 3135 et
875 3069 989 3158 glories
1011 3070 1221 3135 incremento.

333 3172 461 3240 Dilecto
495 3174 630 3240 concive
660 3176 773 3238 nostro
799 3172 926 3239 Thomu
951 3172 992 3238 de
1015 3172 1132 3239 Moneo
1154 3179 1337 3238 mercatore
1351 3176 1475 3243 Wepray

288 3276 513 3343 intelleximus
557 3276 719 3343 referente
764 3276 852 3363 quod
890 3276 1026 3361 quidem
1070 3274 1195 3341 milites
1241 3279 1338 3341 terrce
1351 3244 1499 3361 {ffloff

288 3387 410 3445 vestrae
443 3402 482 3445 cc
515 3378 617 3445 etiem
646 3378 773 3443 inimici
795 3378 909 3456 vestri,
930 3378 1054 3443 scilicet
1077 3378 1229 3445 dominus
1252 3377 1339 3445 Auri
1351 3378 1502 3439 mechus,

287 3480 477 3569 Destingas‚
501 3480 650 3567 Alnyren
683 3481 724 3546 de
747 3480 924 3560 Monteins,
947 3480 1065 3546 Nicolc
1094 3480 1135 3545 de
1166 3444 1490 3575 saygravafl}¹¹{l¹5⁰‘¹

287 3590 322 3651 et
344 3586 478 3651 domins
500 3590 607 3651 meter
629 3606 697 3664 suc,
720 3606 848 3650 necnon
877 3589 912 3650 et
935 3582 1087 3649 dominus
1108 3583 1277 3650 Jobannes
1299 3578 1441 3649 deffl-

287 3687 321 3751 lu
356 3687 449 3753 Hera
480 3692 515 3753 et
547 3686 699 3753 nonnulli
730 3688 797 3765 elii,
820 3708 961 3773 quorum
991 3687 1127 3753 nomine
1149 3710 1208 3774 per
1229 3688 1338 3773 inqui-

288 3789 443 3856 sitionem
475 3789 596 3855 fectum
627 3812 686 3877 per
708 3788 934 3856 vicecomitem
958 3788 999 3855 de
1020 3788 1143 3855 Noroie
1164 3790 1338 3867 habentur,

288 3892 346 3980 qui
377 3898 473 3959 erent
505 3892 542 3958 in
564 3890 679 3959 Inserle
709 3898 825 3959 eontra
857 3893 1029 3959 dominum
1059 3916 1171 3981 regem
1207 3891 1339 3979 Angliae

287 4001 417 4085 patrem
453 4000 601 4061 vestrum
638 4000 673 4061 et
705 4017 765 4061 vos
796 3996 896 4062 etium
930 4001 1030 4082 atque
1067 4002 1203 4076 vestros,
1233 3995 1339 4060 eidem

288 4099 417 4165 concivi
449 4103 564 4163 nostro
595 4098 807 4164 abstulemmt
840 4100 1016 4184 sexaginte
1048 4104 1174 4186 septem
1199 4096 1340 4162 tonellos

287 4202 402 4289 plenos
423 4201 512 4280 vino,
535 4206 571 4265 et
597 4202 762 4286 quendem
785 4202 896 4289 pipum
919 4206 954 4267 et
975 4207 1042 4268 tres
1063 4199 1204 4266 tonellos
1224 4198 1340 4286 plenos

286 4304 452 4370 frumento
482 4304 572 4391 apud
597 4310 732 4390 portum
765 4305 806 4371 de
829 4305 985 4383 Burnum,
1009 4305 1050 4369 de
1082 4304 1226 4389 quedem
1257 4304 1338 4367 nevi

288 4428 362 4494 quae
384 4412 455 4473 eret
469 4408 512 4471 de
533 4406 747 4484 Guiusalne)
772 4430 871 4493 quem
894 4406 1036 4472 ducebat
1059 4402 1215 4492 Hervey'e
1239 4404 1338 4470 Puni-

287 4510 379 4576 fadre
416 4510 518 4597 ipsius
548 4510 645 4575 nevis
676 4510 827 4575 dominus
858 4516 892 4575 et
927 4509 1092 4596 magister,
1130 4509 1188 4596 qui
1222 4506 1340 4574 tenelli

612 4815 618 4843 ¹
640 4813 804 4882 Guiumturc]
823 4814 946 4867 Doubtful
958 4816 985 4864 in
996 4814 1053 4867 MS.

1140 4919 1165 4965 x
1188 4906 1208 4965 2
