3609 5800
847 1437 1035 1504 Arruuusn
1058 1435 1123 1502 III.

495 1616 680 1675 Gosvsumos
698 1631 872 1674 unsrucrruo
891 1617 962 1674 Sum
980 1632 1013 1672 ru
1031 1631 1087 1672 rus
1105 1617 1258 1673 Berosus
1275 1615 1397 1686 (ionum,
1415 1633 1474 1674 suu

861 1718 955 1759 ounsn
972 1719 1109 1760 urceus.

619 1833 691 1898 (Bet.
702 1832 785 1884 cuns.
797 1837 830 1884 44
841 1831 908 1884 Heu.
920 1831 980 1892 m,
990 1849 1015 1898 p.
1029 1838 1052 1894 l,
1062 1833 1154 1884 memb.
1168 1835 1198 1884 1⁷
1209 1832 1238 1884 in
1248 1833 1344 1898 dorso.)

290 1951 342 1998 Oct.
350 1955 445 2006 1s1sss.
491 1937 577 1994 Anno
598 1937 635 1992 ab
653 1936 850 1992 incarnatione
869 1935 989 1990 Domini
1016 1935 1175 1991 millesimo
1202 1934 1402 1991 ducentesimo
1426 1935 1509 2006 quin·

457 2021 628 2094 quagesimo
645 2037 729 2084 nono,
743 2019 829 2092 regui
841 2025 940 2076 autem
952 2019 1076 2074 Haurici
1093 2020 1174 2092 regis
1191 2018 1248 2074 tilii
1264 2019 1346 2091 regis
1365 2019 1507 2076 Johaunis

457 2103 681 2178 quadragesimo
698 2105 795 2168 tortio,
815 2103 1056 2158 convenientibus
1074 2103 1153 2174 apud
1165 2103 1460 2160 westmonasterium
1476 2104 1508 2158 in

457 2187 609 2257 Quindeua
628 2185 659 2242 S.
678 2185 833 2242 Michaelis
851 2187 917 2258 ipso
935 2186 1052 2241 domino
1077 2203 1149 2256 rege
1174 2192 1205 2242 et
1228 2186 1415 2257 magnatibus
1433 2186 1506 2251 suis,

457 2273 493 2327 de
512 2271 659 2327 communi
676 2270 799 2326 consilio
817 2275 847 2324 et
864 2286 1008 2324 consensu
1026 2268 1173 2324 dictorum
1189 2269 1271 2341 regis
1289 2275 1320 2324 et
1335 2275 1507 2340 magnatum

456 2357 540 2410 fecta
558 2360 627 2410 sunt
638 2353 820 2426 provisiones
839 2353 1012 2424 subscripta
1023 2370 1077 2424 per
1088 2354 1169 2424 ipsos
1186 2369 1289 2425 regem
1301 2358 1332 2409 et
1342 2357 1505 2425 magnates,

455 2446 485 2495 et
501 2439 657 2512 publicata
675 2439 707 2492 in
723 2439 802 2493 hunc
819 2436 940 2492 modum
953 2459 998 2491 :-

288 2529 425 2596 'rlrrrlringa¹
490 2524 536 2579 De
554 2522 642 2579 sectis
660 2521 801 2577 faciendis
828 2519 866 2576 ad
892 2520 1006 2575 curiam
1028 2525 1200 2592 magnetum
1223 2525 1255 2576 et
1271 2520 1397 2576 aliorum
1415 2521 1507 2576 domi·

287 2581 337 2674 ῧῗζ
345 2586 437 2676 {Jffi'
454 2625 560 2664 norum
575 2607 708 2679 ipsarum
725 2605 875 2661 curiarum
886 2603 1040 2676 provisum
1051 2609 1099 2659 est
1115 2609 1146 2658 et
1162 2604 1345 2660 concorditer
1362 2609 1504 2660 statutum

287 2683 326 2776 bs·
455 2692 533 2764 quod
550 2691 659 2754 nullus,
680 2690 732 2760 qui
749 2706 802 2762 per
820 2693 931 2744 cartam
956 2687 1090 2744 feoti'atus
1117 2695 1172 2752 est,
1192 2687 1388 2760 distringetur
1405 2688 1442 2744 de
1459 2705 1506 2744 ce·

285 2735 406 2844 ρςυῖοιτῗὲῗ
418 2739 444 2781 Μ
453 2783 517 2833 tero
544 2776 582 2830 ad
609 2779 719 2830 saotmn
747 2772 909 2829 faciendam
935 2771 973 2825 ad
997 2773 1111 2826 curiam
1136 2772 1248 2828 domiui
1275 2773 1332 2838 sni,
1364 2773 1424 2829 nisi
1450 2789 1504 2843 per

287 2837 344 2878 ‘¹⁰¹¹'
454 2861 578 2915 sormam
596 2863 685 2915 oartae
711 2875 772 2913 suae
799 2856 967 2928 specialiter
985 2861 1120 2911 teneatur
1139 2856 1176 2911 sd
1194 2862 1306 2913 sectam
1331 2856 1502 2923 faciendam,

452 2944 499 2999 his
528 2948 625 2999 tamen
652 2942 781 3012 exceptis
807 2958 934 3011 quorum
960 2944 1160 2995 antecessores
1183 2940 1232 2995 vel
1256 2940 1377 3011 ipsimet
1402 2941 1504 3011 hujus·

452 3026 532 3081 modi
550 3032 660 3081 sectam
672 3026 768 3081 facere
780 3029 1004 3089 consueverunt,
1018 3030 1085 3079 aute
1097 3024 1224 3095 primam
1235 3024 1503 3079 tramfretationem

452 3111 523 3165 dicti
554 3109 665 3163 domini
695 3108 776 3178 rogis
802 3108 833 3161 iu
851 3107 1046 3171 Britanniam,
1070 3102 1236 3179 stempore
1254 3108 1340 3179 cujus
1364 3109 1504 3163 transire-

452 3192 570 3248 lationis
599 3191 691 3263 elapsi
713 3192 834 3246 suerunt
864 3191 973 3262 viginti
1000 3196 1031 3245 et
1055 3208 1160 3245 novem
1187 3192 1256 3247 anui
1281 3198 1312 3247 et
1337 3191 1501 3259 dimidium,

453 3284 584 3348 tempore
613 3292 670 3347 quo
698 3276 761 3329 haec
787 3274 958 3330 constitutio
986 3275 1064 3329 iacta
1090 3274 1155 3329 fuit.
1192 3274 1232 3330 Et
1249 3276 1386 3331 similiter
1403 3276 1502 3333 nullus

452 3360 585 3416 feoffatus
611 3359 674 3415 sine
701 3364 782 3414 carta
808 3377 826 3413 a
851 3364 984 3429 tempore
1009 3364 1204 3428 conquaestus,
1225 3359 1274 3413 vel
1298 3360 1356 3413 alio
1381 3360 1502 3431 antiquo

452 3445 646 3508 feoffamento,
667 3443 863 3513 distringatur
882 3442 920 3497 ad
937 3441 1107 3513 hujusmodi
1125 3449 1236 3497 sectam
1254 3443 1425 3508 faciendam,
1445 3445 1503 3500 nisi

451 3528 513 3598 ipse
526 3528 574 3582 val
592 3532 790 3582 antecessores
810 3526 856 3581 sui
869 3542 935 3579 eam
947 3524 1044 3579 facere
1056 3531 1277 3590 consueverunt,
1292 3534 1359 3582 ante
1376 3528 1502 3599 primam

450 3611 716 3666 transfretationem
741 3609 814 3663 dicti
832 3608 944 3663 domini
960 3609 1042 3679 regis
1061 3609 1092 3662 in
1110 3608 1302 3663 Britanniam.

284 3702 394 3798 Amups·
485 3692 735 3749 aestuaremus
753 3693 861 3763 aliqua,
882 3691 918 3746 ds
937 3709 997 3761 qua
1018 3698 1133 3747 tentum
1157 3711 1216 3747 una
1233 3700 1314 3749 secta
1330 3693 1499 3760 debebatur,

282 3756 414 3851 muffet
450 3778 487 3833 ad
503 3778 604 3850 plures
622 3777 745 3831 heredes
763 3776 923 3847 participes
939 3776 1069 3847 ejusdem
1083 3776 1263 3842 devolvatur,
1275 3777 1327 3832 ille
1345 3778 1397 3849 qni
1414 3779 1502 3835 hebet

282 3855 349 3899 mm·
449 3863 606 3917 oinosciam
630 3860 802 3915 hereditatis
829 3860 911 3915 illius
937 3860 1054 3914 unicam
1087 3860 1176 3915 fsciat
1199 3867 1308 3916 sectam
1333 3880 1386 3932 pro
1411 3880 1444 3917 se
1470 3869 1501 3918 et

449 3946 642 4018 participibus
670 3945 742 4009 suis,
763 3950 792 3999 et
816 3944 975 4016 participes
1001 3944 1049 3998 sui
1074 3960 1128 4015 pro
1152 3945 1285 4014 portione
1312 3964 1367 4001 sus
1392 3948 1499 4002 contri·

449 4030 540 4085 buaut
566 4030 603 4085 cd
628 4035 737 4085 sectam
761 4028 844 4083 illam
863 4027 1035 4082 faciendam.
1069 4026 1214 4081 Similiter
1231 4028 1330 4093 etiam,
1352 4030 1378 4083 si
1398 4030 1498 4101 plures

449 4114 559 4170 ieoffati
583 4114 694 4169 fuerint
718 4112 754 4166 de
781 4111 945 4166 hereditate
970 4111 1070 4182 aliqua
1095 4111 1132 4166 de
1159 4129 1217 4182 qua
1242 4112 1331 4167 unica
1347 4118 1427 4168 secta
1449 4114 1499 4169 de·

448 4199 580 4262 bebatur,
601 4197 736 4252 dominns
764 4195 845 4250 illius
863 4194 942 4249 feodi
959 4194 1077 4249 unicam
1093 4195 1201 4249 habeat
1217 4195 1286 4250 inde
1304 4202 1423 4264 sectam,
1443 4216 1497 4254 nec

448 4283 541 4353 possit
558 4281 594 4335 de
611 4279 753 4352 praedicta
768 4278 932 4335 hereditate
947 4278 1006 4333 nisi
1023 4280 1139 4334 unicam
1151 4284 1260 4334 sectam
1279 4281 1406 4351 exigere,
1420 4283 1499 4339 sicut

448 4364 512 4419 fieri
530 4364 613 4436 prius
631 4363 791 4418 consuevit.
812 4362 894 4418 litei
913 4362 1024 4417 feoffati
1041 4361 1087 4416 illi
1104 4368 1282 4417 warrantum
1300 4363 1349 4419 vel
1366 4366 1496 4421 medium

447 4466 504 4503 uon
528 4448 662 4511 habeant,
696 4446 747 4517 qui
779 4445 846 4500 iude
882 4462 933 4500 eos
962 4445 1130 4517 acquietare
1160 4445 1273 4511 debeat,
1300 4452 1371 4503 tunc
1395 4467 1496 4505 omnes

447 4532 557 4589 feoffati
575 4530 760 4587 contribuant
771 4547 825 4600 pro
837 4529 970 4600 portione
989 4547 1044 4584 sua
1055 4528 1092 4583 sd
1105 4536 1215 4585 sectam
1227 4530 1310 4585 illem
1322 4531 1494 4590 faciendam.

281 4622 414 4677 uhspowsr
484 4615 516 4671 Si
534 4622 633 4671 antem
651 4614 803 4686 contingat
821 4612 899 4684 quod
917 4612 1029 4667 domini
1050 4614 1141 4668 curiae
1158 4619 1291 4670 tenentes
1309 4632 1377 4670 suos
1395 4624 1497 4672 contra

279 4674 422 4779 fflffl‘
446 4701 521 4756 hanc
545 4698 742 4771 provisionem
767 4714 821 4768 pro
845 4695 1016 4768 hujusmodi
1041 4702 1122 4751 secta
1148 4696 1333 4768 distringant,
1359 4703 1429 4754 tunc
1459 4701 1497 4755 ad

280 4774 350 4819 Μ
447 4784 659 4855 querimoniam
677 4781 840 4837 tenentium
866 4780 987 4834 illorum
1008 4780 1212 4845 attachientur,
1232 4780 1311 4851 quod
1328 4781 1366 4835 ad
1383 4784 1496 4838 cunam
