3609 5800
460 856 710 911 runcsrssrrvs
733 859 777 907 or
800 860 870 909 rur
894 861 1001 911 arras
1024 862 1068 909 or
1091 861 1212 912 naras
1236 864 1285 911 111.
1356 850 1397 913 19

391 1031 576 1099 Mandastis
607 1033 703 1101 nobis
740 1038 899 1121 praterea
932 1036 1020 1121 quod
1059 1036 1100 1101 R.
1138 1036 1307 1115 Wodecoc,
1342 1039 1399 1122 qui

345 1133 533 1222 principalis
578 1134 688 1203 fautor
744 1137 940 1204 damnorum
985 1143 1174 1205 nostrorum
1219 1139 1398 1219 dicebatur,

345 1236 454 1302 obiter
482 1237 673 1304 interfectus
705 1238 780 1317 fuit,
811 1245 846 1305 et
877 1240 936 1305 alii
970 1241 1142 1327 complices
1173 1240 1225 1307 sui
1259 1241 1399 1328 dispersi

345 1337 487 1420 fuerant,
511 1362 571 1407 nec
590 1341 730 1421 inventi,
745 1342 823 1407 licet
838 1343 879 1407 de
894 1348 1058 1429 praecepto
1073 1349 1184 1411 vestro
1201 1343 1400 1431 juberentur

345 1442 583 1527 comprehendi,
609 1442 666 1508 sed
697 1466 756 1511 nec
790 1466 902 1511 eorum
935 1445 1151 1531 possessiones
1183 1446 1237 1511 vel
1269 1445 1399 1525 catalla,

345 1542 465 1627 quibus
487 1544 582 1610 nobis
605 1546 709 1633 possit
731 1546 804 1611 fieri
827 1546 1018 1624 satisfactio,
1042 1548 1128 1633 quia,
1152 1546 1230 1613 licet
1251 1552 1399 1635 tempore

344 1643 539 1711 hostilitatis
584 1647 693 1733 aliqua
737 1648 966 1735 possedissent,
1004 1651 1119 1713 statim
1163 1654 1277 1715 tamen
1321 1672 1399 1736 pace

344 1746 520 1813 reformata
542 1748 653 1815 miseri
676 1754 710 1814 et
742 1750 884 1816 mendici
918 1750 998 1815 faeti
1032 1754 1119 1828 sunt,
1153 1752 1232 1837 quia
1253 1756 1400 1816 cessante

345 1871 441 1915 eausa
477 1856 582 1917 cessat
619 1850 762 1922 effectus.
817 1853 900 1921 Haec
938 1853 1050 1919 omnia
1086 1874 1154 1919 non
1176 1852 1398 1933 discredimus,

344 1952 401 2017 sed
434 1952 559 2019 talibus
594 1954 817 2021 omnimodam
852 1956 954 2021 fidem
984 1954 1185 2021 adhibemus
1237 1955 1280 2018 Iu
1314 1954 1399 2020 calce

345 2074 424 2119 vero
446 2053 617 2121 literarum
640 2061 824 2123 vestrarum
855 2056 951 2123 nobis
974 2057 1192 2143 significastis,
1216 2058 1296 2143 quid
1330 2079 1401 2121 am-

343 2156 431 2243 plius
453 2158 549 2223 nobis
563 2158 692 2225 ratione
707 2160 833 2247 praevia
848 2180 946 2247 super
968 2159 1031 2225 hoc
1045 2159 1215 2225 videretur
1228 2159 1400 2245 agendum,

345 2280 404 2324 vos
426 2258 510 2324 illud
532 2266 685 2348 prompto
708 2268 743 2328 et
772 2267 889 2349 parato
912 2261 1024 2328 animo
1050 2262 1230 2327 secumdum
1252 2262 1289 2327 id
1312 2262 1397 2348 quod

344 2362 467 2427 rationi
497 2363 686 2430 conveniret
708 2364 886 2431 efficeretis.
933 2364 975 2429 In
1006 2364 1158 2430 omnibus
1191 2364 1243 2429 his
1272 2364 1400 2451 regium

345 2468 459 2549 pectus
481 2486 634 2531 serenum
665 2466 708 2532 ad
730 2488 790 2532 vos
812 2470 847 2531 et
876 2465 1074 2531 benevolum
1107 2466 1347 2552 perpendimus,
1371 2465 1400 2528 si

344 2566 520 2652 praemissis
546 2568 671 2633 veritas
705 2568 913 2657 suffragetur.
960 2568 1073 2653 Regiae
1094 2567 1198 2654 igitur
1230 2566 1400 2631 serenitati

344 2672 466 2736 vestrm
488 2670 601 2737 taliter
626 2671 870 2757 respondemus,
896 2670 985 2757 quod
1009 2674 1170 2756 quantum
1195 2670 1239 2734 ad
1263 2668 1400 2733 investi-

345 2772 511 2859 gationem
533 2774 767 2859 injuriatorum
791 2777 981 2839 nostrorum
1004 2774 1061 2859 qui
1084 2772 1138 2837 vel
1159 2770 1325 2836 interfecti
1346 2771 1401 2836 vel

344 2896 403 2964 per
425 2899 563 2966 regnum
578 2882 729 2944 vestrum
744 2876 881 2966 dispersi
897 2899 966 2943 non
987 2875 1214 2952 inveniuntur,
1230 2874 1319 2962 quod
1333 2896 1402 2940 am-

343 2977 431 3066 plius
452 2979 558 3046 facere
573 2981 705 3068 possitis
728 3002 796 3046 non
811 2981 1052 3068 perpendimus,
1077 2979 1134 3066 qui
1156 2978 1234 3044 licet
1256 3000 1401 3064 compre-

345 3080 570 3148 henderentur
584 3105 652 3149 non
673 3082 833 3148 haberent
848 3083 929 3170 quid
950 3082 1191 3148 restitueretur.
1220 3080 1335 3146 Inanis
1350 3085 1402 3146 est

345 3183 433 3248 enim
456 3185 542 3250 actio
565 3207 640 3274 quae
663 3208 722 3274 per
744 3185 891 3272 inopiam
915 3184 1073 3250 debitoris
1097 3183 1292 3250 excluditur.

390 3285 557 3368 Quiddam
573 3291 685 3354 tamen
700 3309 761 3354 nos
776 3287 900 3354 totiens
916 3287 1037 3352 damna
1050 3292 1164 3353 nostra
1178 3307 1288 3351 coram
1304 3283 1401 3352 vobis
1413 3309 1468 3362 cm
1478 3311 1493 3362 1
1503 3313 1568 3381 hope

345 3388 564 3476 multiplicare
590 3391 758 3482 compulit,
781 3391 870 3478 quod
900 3412 1001 3456 senex
1024 3379 1235 3456 Maraccallus
1257 3379 1531 3474 W[illel-s0100131·

344 3491 442 3578 mus],
466 3497 575 3560 eustos
597 3493 763 3579 quondam
786 3499 895 3560 vester
917 3497 952 3560 et
981 3492 1084 3580 regni,
1108 3513 1151 3556 ex
1172 3495 1267 3578 parte
1288 3454 1544 3565 vestraireoldaiioen

345 3600 577 3684 manuceperat
597 3597 686 3682 quod
717 3597 745 3662 si
769 3597 809 3664 ds
832 3594 1096 3661 malefactoribus
1118 3594 1239 3660 nostris
1265 3586 1569 3698 restitu-ffssffrm

344 3697 470 3764 tionem
492 3697 643 3764 obtinere
665 3699 882 3787 nequiremus,
909 3699 949 3764 de
980 3697 1059 3764 fisco
1081 3697 1170 3784 regio
1204 3664 1538 3791 satisfactio-,missuri

345 3822 420 3864 nem
457 3800 709 3888 insequeramur.
772 3801 813 3866 ln
852 3801 913 3868 tali
950 3823 1007 3888 spe
1044 3799 1203 3865 hactenus
1241 3799 1398 3888 suspensi,
1410 3779 1521 3896 ffimfffl

345 3901 564 3968 desideramus
587 3909 626 3970 ut
648 3907 768 3970 vestrae
791 3903 890 3992 regias
913 3903 1084 3970 serenitati
1106 3901 1240 3978 sederet,
1255 3905 1295 3966 ut
1317 3913 1534 3986 prae-rhene.

345 4005 426 4070 dicti
461 4004 645 4072 Marescalli
682 4005 855 4094 promissio
893 4027 988 4070 suum
1027 4004 1200 4070 sortiretur
1237 3982 1493 4068 effectumssffl‘?

345 4107 510 4174 Praeterea
530 4107 573 4174 ad
588 4109 868 4176 conservationem
882 4106 1169 4173 confoederationis
1184 4111 1218 4170 et
1240 4105 1401 4170 uberioris

345 4211 476 4300 signum
500 4211 704 4300 dignationis
719 4211 846 4290 exenia,
861 4211 939 4276 licet
962 4210 1082 4298 exigua
1103 4212 1237 4296 propter
1259 4207 1400 4294 impedi·

345 4317 494 4379 mentum
538 4335 674 4400 guerrae,
712 4314 807 4380 vobis
845 4312 918 4402 [ad]
956 4335 1100 4401 praesens
1133 4309 1399 4390 transmittimus,

345 4415 566 4502 supplicantes
589 4421 751 4502 quatenus
783 4437 822 4480 ea
854 4415 1063 4503 benignitate
1095 4435 1161 4499 qua
1193 4435 1255 4478 nos
1287 4417 1401 4478 vestra

345 4539 431 4584 anno
446 4517 570 4610 praevio
585 4519 729 4608 recipere
752 4518 958 4606 dignemini3
980 4517 1095 4582 scituri
1117 4538 1176 4602 pro
1198 4521 1287 4580 certo
1311 4513 1400 4600 quod

345 4643 497 4708 processu
519 4622 684 4708 temporis,
701 4643 776 4688 cum
799 4644 866 4712 pax
888 4621 1068 4688 reformata
1081 4618 1191 4698 fuerit,
1207 4617 1343 4684 meliora
1365 4623 1400 4682 et

346 4724 536 4812 [am]pliora
560 4725 683 4813 jocalia
703 4725 799 4792 vobis
828 4726 1056 4794 transmittere
1089 4722 1303 4790 studebimus
1349 4721 1401 4787 De

623 4845 627 4854 ·
1200 4831 1266 4892 132
