3609 5800
439 891 504 954 208
587 904 702 955 eorm
725 904 798 954 run
820 904 936 956 orans
960 905 1167 957 mercamur
1192 906 1340 957 sumans

439 1081 580 1158 clericus,
621 1084 656 1146 et
692 1080 729 1146 in
767 1081 917 1147 Romana
954 1082 1045 1147 curia
1080 1087 1280 1171 procurator,
1320 1100 1490 1168 prosperos

440 1205 567 1272 semper
589 1182 633 1248 ad
654 1189 735 1250 vota
756 1205 931 1265 successus,
954 1189 990 1251 et
1011 1207 1046 1251 se
1068 1190 1258 1272 promptum
1281 1189 1315 1249 et
1337 1194 1490 1270 paratum

440 1286 483 1351 nd
505 1286 576 1371 ejus
597 1284 755 1371 obsequia
776 1292 811 1353 et
832 1286 999 1354 mandata.

272 1372 430 1490 ffiffi‘
486 1389 656 1455 Affectans
678 1394 713 1455 et
734 1410 862 1478 semper
887 1390 1044 1457 aestuanti
1070 1390 1230 1457 desiderio
1252 1388 1490 1478 concupiscens,

272 1506 363 1585 lmyc
441 1498 481 1559 ut
502 1498 640 1571 statute
664 1492 897 1572 ordinationes,
922 1498 956 1559 et
985 1494 1218 1581 colligationes,
1242 1515 1316 1579 quae
1339 1490 1491 1559 nonnulli

272 1574 392 1689 wer
442 1601 638 1684 magnatum
668 1597 763 1684 regni
784 1596 897 1675 vestri,
919 1596 981 1662 sub
1014 1601 1183 1684 praetextu
1213 1601 1332 1663 vestrae
1366 1599 1489 1661 statum

273 1705 399 1785 reeens?
441 1698 648 1766 excellentiae
692 1699 902 1780 reformandi,
941 1704 1052 1765 vestro
1089 1698 1224 1765 nomine
1261 1700 1415 1777 fecerant,
1452 1720 1491 1763 ac
1540 1709 1545 1720 “

271 1778 383 1905 ἓξὲξ
383 1788 416 1823 ⁰¹¹
435 1800 651 1888 jurejurando
694 1801 875 1881 firmarant,
914 1802 951 1867 in
989 1800 1198 1868 manifestam
1236 1800 1490 1867 diminutionem

272 1904 410 1957 macerer.
440 1903 615 1991 potestatis
656 1910 776 1971 vestrae
820 1928 858 1969 ac
902 1926 1068 1971 enormem
1114 1904 1355 1992 depressionem
1393 1904 1491 1992 regiae

440 2006 614 2085 libertatis,
652 2006 689 2071 in
726 2007 858 2072 irritum
894 2006 1026 2093 penitus
1063 2012 1267 2085 revocentur,
1310 2012 1345 2073 et
1384 2028 1490 2073 carere

387 2114 393 2125 '
441 2110 659 2175 decernantur
685 2108 775 2175 omni
805 2108 921 2174 robore
952 2108 1141 2189 firmitatis;
1175 2130 1273 2196 super
1299 2108 1369 2195 jam
1402 2108 1492 2174 dieta

441 2213 647 2278 revocatione
674 2212 833 2299 quasdam
864 2210 980 2277 literas
1011 2210 1205 2297 apostolicas
1228 2212 1337 2276 notari
1360 2211 1491 2276 obtinui

441 2320 476 2379 et
496 2314 646 2401 grosseti,
668 2334 808 2401 quarum
831 2312 968 2400 copiam,
984 2312 1062 2379 lieet
1083 2320 1217 2400 propter
1239 2314 1434 2378 instantiam
1458 2320 1492 2379 et

441 2416 604 2483 malitiam
627 2416 818 2483 aemulorum
839 2421 874 2481 et
895 2415 1156 2481 adversariorum
1174 2419 1361 2481 nostrorum
1379 2438 1493 2502 quam-

440 2520 619 2607 plurimum
643 2518 680 2583 in
704 2519 855 2584 Romana
884 2518 978 2583 curia
1010 2517 1227 2583 existentium
1261 2517 1305 2583 od
1339 2518 1490 2584 effectum

442 2620 578 2683 minime
614 2617 852 2704 pervenissent,
890 2617 1062 2683 serenitati
1099 2620 1219 2682 vestris
1257 2616 1391 2682 mittere
1425 2638 1492 2681 non

442 2744 545 2789 omrsu

486 2826 724 2891 Verumtamen
758 2821 905 2888 zelanter
937 2820 1125 2886 desiderans
1156 2827 1196 2887 ut
1230 2821 1319 2887 zelus
1351 2827 1385 2887 et
1408 2823 1494 2887 solli-

442 2928 555 2996 citudo
597 2946 679 3014 quos
723 2946 800 3012 erga
842 2924 967 3011 regiam
1011 2923 1144 2990 obtineo
1190 2924 1397 3012 majestatem
1442 2927 1492 2991 in·

442 3033 597 3097 rhoetum
630 3031 850 3113 consequatur
882 3025 1046 3103 effectum,
1069 3027 1221 3114 quodque
1254 3025 1355 3094 iidem
1378 3028 1492 3116 adver-

445 3133 524 3200 sarii
569 3153 627 3219 spe
673 3152 773 3217 quam
819 3128 861 3194 de
907 3129 1052 3215 ipsorum
1095 3135 1311 3216 perceperrmt
1346 3130 1496 3216 nequitia

443 3235 687 3310 defraudentur,
706 3232 826 3297 iterato
843 3251 941 3318 super
961 3231 1172 3297 revocatione
1189 3231 1327 3317 praefata
1344 3233 1494 3298 meliores
1529 3281 1532 3290 .

444 3344 479 3404 et
500 3337 694 3403 efficaciores
719 3333 834 3399 literas
868 3354 968 3418 quam
1000 3355 1146 3420 unquam
1179 3356 1238 3421 pro
1261 3334 1355 3400 vobis
1377 3357 1399 3400 a
1420 3337 1494 3402 sede

444 3439 622 3528 apostolico
655 3438 803 3503 obtentae
836 3434 970 3512 fuerint,
1005 3457 1073 3500 non
1104 3435 1228 3522 absque
1257 3437 1416 3523 gravibus
1439 3459 1493 3502 ex·

443 3542 561 3631 pensis,
583 3562 710 3607 necnon
731 3538 900 3604 laboribus
923 3543 957 3604 et
979 3539 1151 3625 angustiis,
1173 3539 1359 3626 rmpetravi
1406 3539 1494 3620 Quas

443 3666 585 3730 namque
610 3641 753 3708 bullatas
775 3641 888 3718 habeo,
911 3639 1034 3706 eisdem
1057 3640 1253 3708 adversariis
1274 3641 1494 3708 renitentibus

444 3752 479 3813 ct
505 3745 646 3825 invitis3
683 3765 757 3831 quae
787 3741 929 3829 quidem,
952 3741 1117 3827 quaslibet
1134 3742 1343 3831 jurgantium
1367 3749 1494 3810 coutro-

444 3848 569 3915 versiae
600 3848 641 3914 de
672 3845 782 3911 medio
810 3844 1022 3924 auferrentes,
1047 3867 1160 3910 omues
1189 3845 1383 3912 aemulorum
1413 3869 1495 3934 prae·

445 3953 609 4018 dictorum
630 3948 777 4026 insidias,
801 3947 1033 4025 intentionem,
1066 3952 1100 4013 et
1123 3947 1265 4014 astutias
1287 3971 1356 4036 prae
1379 3950 1494 4015 ceteris

445 4059 652 4123 enervarunt
699 4052 784 4119 Cum
817 4055 929 4116 eutem
959 4051 1088 4116 easdem
1121 4055 1255 4138 propter
1285 4050 1401 4117 latoris
1431 4052 1495 4118 iter

437 4159 656 4248 'presentium
677 4155 721 4222 ab
742 4176 781 4220 eo
795 4153 894 4219 valde
916 4153 1114 4220 festinanter
1136 4175 1323 4241 aggressum
1347 4156 1493 4220 nondum

446 4261 646 4330 obtinuerim
668 4255 837 4345 duplicari,
860 4255 1038 4321 earundem
1068 4255 1304 4344 transcriptum
1331 4279 1390 4344 per
1411 4258 1493 4324 lato.

445 4390 515 4433 rem
551 4363 746 4453 praedictum
782 4363 902 4425 vestrae
932 4358 1151 4425 dominationi
1181 4359 1295 4425 studui
1326 4361 1492 4426 sollicius¹

446 4469 626 4547 iutimare;
661 4485 743 4551 quas
777 4461 878 4529 etiam
911 4460 1056 4527 bullatos
1079 4461 1114 4525 in
1146 4460 1241 4527 brevi
1266 4462 1494 4529 transmittam

521 4656 788 4665 ψ---η--κ
1124 4655 1170 4660 -η
1266 4655 1328 4661 ...--
1358 4655 1492 4663 ...ὼ-

840 4750 846 4778 ¹
864 4745 985 4812 sollicitas]
997 4745 1097 4798 Sous.
