3609 5800
437 907 502 970 142
593 921 707 970 uorat
729 921 802 970 aun
825 921 942 971 ornan
965 919 1172 970 nlsroaroan
1196 921 1343 970 samana

435 1095 590 1161 habenda
615 1095 669 1161 vel
692 1093 892 1172 differenda,¹
926 1095 1007 1159 illud
1039 1100 1120 1161 tuuc
1143 1096 1321 1162 ostendant
1344 1098 1491 1186 praefatis

435 1199 590 1264 fidelibus
616 1199 745 1277 nostris,
774 1199 860 1264 sicut
885 1199 1033 1285 graviter
1060 1199 1171 1286 puniri
1196 1200 1371 1279 noluerint,
1399 1201 1427 1267 si
1450 1201 1490 1266 ds

436 1302 497 1368 hoc
522 1324 581 1388 per
602 1301 684 1366 alios
706 1303 834 1388 possint
860 1301 1019 1366 convinci.

482 1405 625 1471 clamari
652 1406 753 1470 etiam
775 1404 876 1470 facias
912 1403 1000 1490 quod
1024 1424 1136 1470 onmes
1167 1405 1224 1492 qui
1254 1406 1390 1472 fuerunt
1419 1407 1490 1472 bal-

435 1506 497 1572 livi
526 1508 632 1573 nostri
666 1507 720 1572 vel
750 1511 944 1594 magnatum
974 1513 1161 1572 nostrorum
1192 1531 1212 1573 a
1241 1512 1366 1596 septem
1394 1510 1490 1574 annis

436 1611 553 1697 clapsis
583 1614 617 1675 et
648 1609 739 1687 cit-ra,
769 1611 838 1675 sint
868 1631 977 1674 coram
1001 1608 1097 1675 dictis
1119 1607 1273 1676 fidelibus
1303 1613 1425 1678 nostris
1448 1613 1491 1676 ad

436 1713 525 1778 diem
556 1717 591 1778 et
616 1714 724 1778 locum
754 1733 836 1798 qnos
873 1713 937 1778 tibi
967 1712 1048 1778 scira
1077 1713 1208 1791 facient,
1241 1714 1329 1799 quod
1362 1713 1489 1799 justum

436 1815 536 1882 fuerit
562 1816 680 1881 facturi
707 1820 741 1880 et
764 1817 934 1902 recepturi.
981 1816 1102 1882 Venire
1128 1817 1229 1881 ctiam
1253 1817 1352 1882 facias
1382 1841 1488 1883 coram

436 1919 559 1984 eisdem
582 1918 734 1983 fidelibus
763 1921 893 1998 nostris,
925 1920 967 1983 ad
998 1919 1086 1984 diem
1117 1941 1214 2004 quem
1245 1919 1309 1985 tibi
1340 1921 1421 1985 scire
1442 1921 1489 1986 fa-

377 2064 380 2071 «
435 2020 533 2098 cient,
549 2043 661 2086 omncs
676 2023 793 2086 assisas
814 2043 910 2086 novae
932 2021 1122 2103 disseisinae,
1137 2022 1254 2086 mortis
1269 2023 1489 2100 antecessoria,

435 2129 470 2188 et
495 2127 535 2189 dc
559 2125 679 2189 ultima
703 2125 966 2210 praasentationa
990 2129 1023 2190 et
1050 2126 1216 2202 attinctus,
1242 2135 1275 2190 et
1305 2125 1426 2212 placita
1448 2127 1488 2190 dc

435 2228 513 2292 dote
542 2227 631 2292 undo
657 2227 741 2291 nihil
770 2228 880 2305 habat,
910 2233 945 2294 ct
978 2249 1078 2314 quare
1101 2227 1249 2314 impedit,
1282 2228 1347 2292 nisi
1378 2230 1487 2293 assisio

436 2331 586 2395 attinctae
617 2335 651 2394 et
681 2329 804 2415 placita
832 2330 891 2394 illa
936 2352 1042 2395 coram
1071 2329 1265 2414 justiciariis
1296 2330 1416 2395 nostris
1448 2319 1487 2395 de

436 2431 539 2496 banco
571 2433 639 2496 siut
675 2432 899 2509 attaminata,
930 2435 965 2498 et
998 2453 1055 2519 par
1077 2431 1278 2516 justiciarios
1309 2433 1350 2497 de
1384 2432 1487 2498 banco

435 2535 479 2598 ad
510 2535 615 2599 dictos
647 2534 760 2599 fideles
791 2541 921 2600 nostros
951 2556 1029 2618 non¹
1048 2537 1117 2599 siut
1145 2535 1290 2610 remissa,
1321 2539 1356 2599 et
1387 2536 1484 2600 etiam

434 2637 558 2723 placita
584 2636 746 2722 alioqum
771 2639 819 2702 eis
845 2660 904 2724 per
926 2637 1071 2724 capitula
1096 2637 1158 2702 sibi
1182 2638 1309 2702 tradita
1333 2643 1411 2702 sunt
1436 2639 1486 2701 in·
1515 2623 1517 2630 ¹

430 2740 549 2827 juncta
574 2743 608 2803 ct
634 2761 707 2824 quar
732 2739 797 2804 tibi
823 2740 905 2804 scire
929 2740 1057 2805 facient.
1104 2739 1148 2803 Et
1172 2744 1212 2804 tu
1234 2741 1303 2826 ipse
1324 2740 1370 2804 cis
1393 2741 1436 2804 sis
1450 2739 1487 2804 in

435 2841 596 2908 auxilium
621 2843 670 2907 ita
695 2841 837 2908 fideliter
867 2847 901 2908 et
926 2841 1111 2929 diligenter,
1127 2864 1169 2907 ne
1193 2863 1252 2929 pro
1279 2841 1408 2908 defectu
1435 2843 1487 2907 tui

435 2944 478 3009 ad
505 2952 540 3010 te
563 2944 711 3032 graviter
736 2966 796 3009 nos
823 2966 937 3032 capere
961 2945 1143 3012 debeamus.
1190 2944 1286 3010 Teste
1310 2944 1485 3031 H[ugonc]

434 3046 466 3113 le
493 3047 599 3134 Bigod
617 3046 801 3133 justiciario
822 3053 935 3113 nostro
960 3048 1100 3135 Angliae,
1117 3048 1204 3135 apud
1229 3046 1485 3130 Westmonaste-

435 3150 533 3229 rium,
558 3150 712 3214 vicesimo
736 3154 852 3216 octavo
879 3151 934 3216 die
958 3150 1165 3217 Novembris.

480 3252 523 3317 In
533 3252 639 3317 forma
653 3252 811 3338 praedicta
826 3254 980 3319 scribitur
990 3252 1128 3339 singulis
1142 3252 1390 3319 vicecomitibus
1405 3254 1488 3319 citra

435 3354 600 3432 Trentam,
626 3356 764 3419 mutatis
791 3355 968 3432 mutandis,
996 3355 1119 3421 scilicet
1145 3357 1260 3421 dicbus
1291 3360 1326 3422 ct
1351 3356 1428 3421 locis
1452 3362 1486 3423 ct

434 3459 624 3523 nominibus
645 3458 916 3541 justitiariorum,
944 3464 983 3523 ut
1010 3462 1102 3545 patet
1129 3458 1271 3525 iuferius.

626 3702 692 3709 ---
807 3702 1387 3711 -ffla———a—-Q—
1402 3704 1450 3711 ...α-
1468 3706 1473 3709 -

752 3860 757 3887 ¹
776 3856 927 3924 differem]
946 3858 1093 3922 differendi,
1106 3858 1160 3909 MS.
