3609 5800
434 826 684 877 uuusrusrrvn
708 830 751 875 or
773 830 843 877 run
867 828 976 878 rursu
1000 829 1044 877 on
1066 818 1187 905 iruunr
1210 831 1260 880 111.
1308 816 1369 881 231

367 1004 520 1071 Ceterum
566 1009 710 1070 vestrum
758 1027 826 1071 non
867 1006 970 1071 lateat
1011 1009 1229 1073 reverentiam
1275 1009 1501 1093 quod,Ioann0t

320 1128 380 1193 per
421 1113 622 1195 praeoeptum
664 1112 822 1185 uestrum,
863 1112 897 1172 st
939 1108 1067 1173 domini
1107 1108 1266 1173 Edwardi
1311 1110 1371 1173 filii
1383 1085 1537 1216 ssffigfg

320 1209 425 1275 vestri
454 1210 677 1296 primogeniti,
709 1210 866 1274 duoentos
901 1216 937 1275 et
974 1211 1219 1298 quinquaginta
1248 1216 1488 1278 morosshanded·

321 1311 361 1377 de
392 1312 536 1377 termino
568 1310 600 1377 S.
627 1311 807 1391 Michaelis,
838 1332 927 1377 nune
953 1314 1104 1398 proximo
1128 1313 1304 1399 praeterito,
1331 1316 1370 1379 de

318 1414 414 1478 firmo
445 1437 519 1481 msa
556 1416 597 1478 de
627 1414 824 1502 Berguveny
853 1414 993 1501 peravi,
1024 1420 1067 1491 et,
1097 1436 1171 1481 oum
1202 1416 1371 1481 Walenses

318 1516 454 1602 insuper
487 1518 604 1582 horrea
642 1520 678 1581 st
707 1516 807 1581 blado
836 1538 910 1581 meo
940 1516 1188 1594 combusserint,
1218 1516 1304 1582 nibil
1334 1517 1369 1583 in

318 1619 469 1704 portibus
506 1618 570 1683 illis
601 1618 705 1683 babeo
735 1617 823 1684 unde
862 1640 1013 1705 guerram
1049 1620 1169 1705 possim
1200 1620 1371 1699 sustinere,

319 1742 393 1785 curn
423 1720 613 1806 hujusmodi
649 1722 784 1807 negotia
821 1741 888 1785 non
927 1721 1050 1805 absque
1089 1722 1278 1809 sumptibus
1308 1723 1370 1785 im-

318 1818 440 1887 mensis
479 1823 615 1888 volesnt
650 1822 808 1909 expediri,
848 1821 906 1886 ubi
944 1822 1030 1886 nihil
1066 1828 1181 1908 potero
1219 1823 1369 1909 recipere.

318 1924 423 2011 Super
453 1925 504 1989 bis
534 1925 649 2009 igitur,
680 1925 709 1988 si
739 1928 858 1989 vestroe
889 1924 1013 1989 cederit
1047 1925 1276 2005 dominationi,
1308 1924 1369 1990 fes-

317 2027 427 2091 tinum
453 2026 575 2092 curetis
602 2048 766 2113 apponere
793 2026 977 2109 consilium,
1008 2032 1078 2091 tom
1109 2028 1149 2091 do
1180 2026 1369 2093 hominibus

317 2150 416 2213 quom
437 2128 588 2205 denariis,
609 2134 709 2215 prout
733 2128 850 2193 honori
875 2133 910 2193 et
934 2129 1103 2195 commodo
1124 2134 1235 2194 vestro
1259 2130 1369 2216 potius

317 2230 468 2295 videritis
495 2231 656 2317 expedire.
704 2229 801 2295 Solus
827 2228 916 2294 enim
941 2234 1047 2295 totam
1074 2230 1252 2295 marchium
1277 2231 1367 2296 illam

317 2354 443 2417 nequeo
466 2333 639 2410 custodire,
665 2354 739 2398 eum
761 2331 891 2396 nullum
914 2336 1108 2418 magnatum
1127 2332 1217 2397 illius
1241 2334 1367 2419 patrios,

318 2441 437 2520 praeter
468 2436 639 2500 dominum
667 2432 887 2520 G[ilbertum]
915 2434 1062 2511 Tolebot,
1093 2435 1150 2519 qui
1173 2434 1239 2499 trin
1261 2441 1368 2500 oestro

318 2537 443 2602 domini
464 2536 624 2602 Edwardi
650 2535 712 2600 filii
738 2536 842 2600 vestri
869 2536 1024 2615 custodit,
1054 2536 1090 2600 in
1121 2536 1272 2622 portibus
1302 2536 1368 2601 illis

317 2638 522 2704 invenissem.
594 2637 749 2704 Ceterum
779 2643 925 2703 vestram
959 2636 1270 2702 excellentissimum
1300 2659 1367 2703 non

316 2740 418 2807 latest
443 2742 674 2820 reverentiam,
705 2739 793 2825 quod
824 2740 982 2825 quioquid
1014 2738 1266 2825 [dominati]oni
1296 2762 1367 2806 ves·

316 2849 378 2909 trae
416 2844 459 2908 nb
496 2844 663 2930 aliquibus
702 2843 801 2908 detur
837 2841 989 2928 intelligi,
1028 2838 1210 2907 bostonus¹
1236 2894 1365 2909 .....

317 2947 404 3030 quod
430 2946 515 3011 bens
539 2949 573 3010 et
603 2944 747 3010 fideliter
776 2944 872 3009 vobis
903 2949 937 3010 ot
962 2943 1032 3010 filio
1056 2949 1167 3009 vestro
1194 2945 1366 3023 deservivi,

316 3052 350 3112 et
365 3049 490 3112 cunetis
508 3047 653 3132 [diebus]
679 3095 1084 3111 ..............
1100 3051 1135 3110 te
1151 3047 1294 3111 Domino
1309 3069 1367 3133 per

316 3153 520 3214 serversnter
545 3170 619 3214 eum
643 3198 802 3212 ......
827 3147 991 3213 fidelitate
1015 3148 1221 3230 deserviam
1248 3149 1367 3214 ethos

315 3251 350 3315 in
371 3252 507 3338 agendis
528 3249 647 3317 vestris
667 3255 702 3315 et
723 3249 799 3336 [filii
820 3249 932 3328 vestri,
949 3251 1069 3336 quibus
1088 3251 1291 3337 interfuere]
1307 3273 1366 3337 pro

312 3375 406 3440 posse
432 3375 505 3418 meo
530 3354 614 3418 bene
640 3352 777 3438 patebit.
824 3353 878 3416 Ad
906 3353 975 3417 baeo
1002 3353 1261 3418 dominationem
1294 3375 1366 3418 ves-

316 3461 403 3520 tram
430 3477 528 3541 super
558 3454 743 3541 praemissis,
771 3454 798 3518 si
824 3454 941 3540 ploret,
969 3453 1166 3538 exhi[beotis
1192 3455 1365 3533 intentum,

315 3557 365 3622 ito
394 3558 484 3643 quod
513 3557 661 3621 homines
691 3553 804 3641 terrae]
833 3555 1080 3641 praenominotse
1107 3556 1150 3620 de
1172 3556 1366 3642 Bergoveny

314 3681 374 3746 pro
407 3660 539 3724 defectu
571 3657 690 3723 auxilii
726 3657 770 3722 sd
807 3657 1021 3744 saepediotum
1060 3657 1261 3724 lewelinum
1299 3681 1366 3724 non

312 3763 530 3849 oon[vertunt.
599 3760 782 3826 Conservet
809 3781 868 3825 vos
897 3759 1088 3824 Altissimus
1116 3783 1174 3847 per
1203 3762 1366 3850 tempo]ro

312 3866 467 3952 longiore„

334 4071 340 4076 .
360 4069 492 4075 -ῳ-ῌ.
545 4067 682 4074 ---..—---
989 4067 1048 4072 ...--
1065 4065 1167 4072 ..--.--

647 4193 653 4220 ¹
672 4187 800 4254 hactenus]
821 4189 893 4254 Very
906 4189 1028 4238 doubtful.
