<?xml version="1.0" encoding="UTF-8"?>
<!DOCTYPE html PUBLIC "-//W3C//DTD XHTML 1.0 Transitional//EN"
    "http://www.w3.org/TR/xhtml1/DTD/xhtml1-transitional.dtd">
<html xmlns="http://www.w3.org/1999/xhtml" xml:lang="en" lang="en">
 <head>
  <title>
</title>
<meta http-equiv="Content-Type" content="text/html;charset=utf-8" />
  <meta name='ocr-system' content='tesseract 3.04.00' />
  <meta name='ocr-capabilities' content='ocr_page ocr_carea ocr_par ocr_line ocrx_word'/>
</head>
<body>
  <div class='ocr_page' id='page_1' title='image "./royalandotherhi00shirgoog_0280.png"; bbox 0 0 3609 5800; ppageno 0'>
   <div class='ocr_carea' id='block_1_1' title="bbox 430 870 1365 937">
    <p class='ocr_par' dir='ltr' id='par_1_1' title="bbox 430 870 1365 937">
     <span class='ocr_line' id='line_1_1' title="bbox 430 870 1365 937; baseline 0.004 -6"><span class='ocrx_word' id='word_1_1' title='bbox 430 880 678 931; x_wconf 74' lang='lat' dir='ltr'>mnrsrnrrrvs</span> <span class='ocrx_word' id='word_1_2' title='bbox 700 883 744 931; x_wconf 83' lang='lat' dir='ltr'>or</span> <span class='ocrx_word' id='word_1_3' title='bbox 765 883 835 931; x_wconf 81' lang='lat' dir='ltr'>rus</span> <span class='ocrx_word' id='word_1_4' title='bbox 858 882 966 933; x_wconf 79' lang='lat' dir='ltr'>saron</span> <span class='ocrx_word' id='word_1_5' title='bbox 990 883 1032 931; x_wconf 86' lang='lat' dir='ltr'>or</span> <span class='ocrx_word' id='word_1_6' title='bbox 1056 884 1176 933; x_wconf 67' lang='lat' dir='ltr'>nsunt*</span> <span class='ocrx_word' id='word_1_7' title='bbox 1201 884 1249 933; x_wconf 88' lang='lat'>111.</span> <span class='ocrx_word' id='word_1_8' title='bbox 1301 870 1365 937; x_wconf 79' lang='lat'>209</span> 
     </span>
    </p>
   </div>
   <div class='ocr_carea' id='block_1_2' title="bbox 315 1054 1366 1247">
    <p class='ocr_par' dir='ltr' id='par_1_2' title="bbox 315 1054 1366 1247">
     <span class='ocr_line' id='line_1_2' title="bbox 315 1054 1366 1143; baseline 0 -22"><span class='ocrx_word' id='word_1_9' title='bbox 315 1055 414 1142; x_wconf 87' lang='lat' dir='ltr'>regiae</span> <span class='ocrx_word' id='word_1_10' title='bbox 436 1055 626 1143; x_wconf 81' lang='lat' dir='ltr'>majestati3</span> <span class='ocrx_word' id='word_1_11' title='bbox 649 1078 707 1143; x_wconf 90' lang='lat' dir='ltr'>per</span> <span class='ocrx_word' id='word_1_12' title='bbox 728 1078 870 1143; x_wconf 85' lang='lat' dir='ltr'>quarum</span> <span class='ocrx_word' id='word_1_13' title='bbox 893 1078 1012 1142; x_wconf 82' lang='lat' dir='ltr'>nempe</span> <span class='ocrx_word' id='word_1_14' title='bbox 1035 1054 1315 1143; x_wconf 72' lang='lat' dir='ltr'><strong>impetrationem,</strong></span> <span class='ocrx_word' id='word_1_15' title='bbox 1338 1056 1366 1121; x_wconf 90' lang='lat' dir='ltr'>si</span> 
     </span>
     <span class='ocr_line' id='line_1_3' title="bbox 315 1156 1366 1247; baseline 0.003 -27"><span class='ocrx_word' id='word_1_16' title='bbox 315 1166 436 1225; x_wconf 86' lang='lat' dir='ltr'>vestrae</span> <span class='ocrx_word' id='word_1_17' title='bbox 457 1159 618 1247; x_wconf 78' lang='lat' dir='ltr'>placuerit</span> <span class='ocrx_word' id='word_1_18' title='bbox 640 1158 839 1240; x_wconf 88' lang='lat' dir='ltr'>celsitudini,</span> <span class='ocrx_word' id='word_1_19' title='bbox 862 1156 1060 1225; x_wconf 87' lang='lat' dir='ltr'>excellentia</span> <span class='ocrx_word' id='word_1_20' title='bbox 1090 1160 1182 1246; x_wconf 87' lang='lat' dir='ltr'>regia</span> <span class='ocrx_word' id='word_1_21' title='bbox 1210 1158 1253 1224; x_wconf 87' lang='lat' dir='ltr'>ad</span> <span class='ocrx_word' id='word_1_22' title='bbox 1287 1160 1366 1245; x_wconf 86' lang='lat' dir='ltr'>pris-</span> 
     </span>
    </p>
   </div>
   <div class='ocr_carea' id='block_1_3' title="bbox 310 1261 1432 3808">
    <p class='ocr_par' dir='ltr' id='par_1_3' title="bbox 314 1261 1365 1552">
     <span class='ocr_line' id='line_1_4' title="bbox 315 1261 1365 1347; baseline 0.002 -23"><span class='ocrx_word' id='word_1_23' title='bbox 315 1262 423 1325; x_wconf 90' lang='lat' dir='ltr'>tinam</span> <span class='ocrx_word' id='word_1_24' title='bbox 459 1261 694 1327; x_wconf 72' lang='lat' dir='ltr'>liberalitatem</span> <span class='ocrx_word' id='word_1_25' title='bbox 732 1261 876 1340; x_wconf 83' lang='lat' dir='ltr'>reducta,</span> <span class='ocrx_word' id='word_1_26' title='bbox 915 1261 1018 1347; x_wconf 89' lang='lat' dir='ltr'>ipsius</span> <span class='ocrx_word' id='word_1_27' title='bbox 1060 1266 1178 1339; x_wconf 73' lang='lat' dir='ltr'>statue,</span> <span class='ocrx_word' id='word_1_28' title='bbox 1219 1262 1365 1327; x_wconf 91' lang='lat' dir='ltr'>omnium</span> 
     </span>
     <span class='ocr_line' id='line_1_5' title="bbox 314 1356 1365 1453; baseline 0 -25"><span class='ocrx_word' id='word_1_29' title='bbox 314 1364 611 1431; x_wconf 88' lang='lat' dir='ltr'>contradicentium</span> <span class='ocrx_word' id='word_1_30' title='bbox 644 1386 776 1453; x_wconf 87' lang='lat' dir='ltr'>prorsus</span> <span class='ocrx_word' id='word_1_31' title='bbox 813 1364 1001 1431; x_wconf 88' lang='lat' dir='ltr'>intentione</span> <span class='ocrx_word' id='word_1_32' title='bbox 1035 1356 1207 1443; x_wconf 86' lang='lat' dir='ltr'>frustrata,</span> <span class='ocrx_word' id='word_1_33' title='bbox 1242 1366 1365 1452; x_wconf 90' lang='lat' dir='ltr'>poterit</span> 
     </span>
     <span class='ocr_line' id='line_1_6' title="bbox 315 1463 667 1552; baseline 0.014 -24"><span class='ocrx_word' id='word_1_34' title='bbox 315 1463 460 1552; x_wconf 82' lang='lat' dir='ltr'>plenarie</span> <span class='ocrx_word' id='word_1_35' title='bbox 488 1466 667 1533; x_wconf 85' lang='lat' dir='ltr'>reformari</span> 
     </span>
    </p>

    <p class='ocr_par' dir='ltr' id='par_1_4' title="bbox 310 1566 1432 3602">
     <span class='ocr_line' id='line_1_7' title="bbox 359 1566 1365 1657; baseline 0 -22"><span class='ocrx_word' id='word_1_36' title='bbox 359 1566 525 1635; x_wconf 73' lang='lat' dir='ltr'>Praeterea</span> <span class='ocrx_word' id='word_1_37' title='bbox 568 1569 741 1635; x_wconf 89' lang='lat' dir='ltr'>serenitati</span> <span class='ocrx_word' id='word_1_38' title='bbox 785 1568 885 1657; x_wconf 76' lang='lat' dir='ltr'>regim</span> <span class='ocrx_word' id='word_1_39' title='bbox 929 1568 1076 1657; x_wconf 85' lang='lat' dir='ltr'>patefiat,</span> <span class='ocrx_word' id='word_1_40' title='bbox 1122 1569 1211 1657; x_wconf 89' lang='lat' dir='ltr'>quod</span> <span class='ocrx_word' id='word_1_41' title='bbox 1259 1569 1365 1635; x_wconf 84' lang='lat' dir='ltr'>literae</span> 
     </span>
     <span class='ocr_line' id='line_1_8' title="bbox 314 1671 1364 1760; baseline 0.001 -25"><span class='ocrx_word' id='word_1_42' title='bbox 314 1692 395 1756; x_wconf 91' lang='lat' dir='ltr'>quas</span> <span class='ocrx_word' id='word_1_43' title='bbox 416 1672 567 1759; x_wconf 80' lang='lat' dir='ltr'>magistri</span> <span class='ocrx_word' id='word_1_44' title='bbox 588 1672 726 1739; x_wconf 79' lang='lat' dir='ltr'>Arlotus</span> <span class='ocrx_word' id='word_1_45' title='bbox 749 1677 785 1737; x_wconf 91' lang='lat' dir='ltr'>et</span> <span class='ocrx_word' id='word_1_46' title='bbox 807 1671 997 1737; x_wconf 87' lang='lat' dir='ltr'>Rostaudus</span> <span class='ocrx_word' id='word_1_47' title='bbox 1027 1692 1126 1760; x_wconf 89' lang='lat' dir='ltr'>super</span> <span class='ocrx_word' id='word_1_48' title='bbox 1156 1672 1364 1737; x_wconf 80' lang='lat' dir='ltr'>revocatione</span> 
     </span>
     <span class='ocr_line' id='line_1_9' title="bbox 315 1771 1363 1861; baseline 0.002 -24"><span class='ocrx_word' id='word_1_49' title='bbox 315 1771 502 1858; x_wconf 87' lang='lat' dir='ltr'>hujusmodi</span> <span class='ocrx_word' id='word_1_50' title='bbox 548 1778 583 1839; x_wconf 94' lang='lat' dir='ltr'>et</span> <span class='ocrx_word' id='word_1_51' title='bbox 623 1778 730 1839; x_wconf 86' lang='lat' dir='ltr'>status</span> <span class='ocrx_word' id='word_1_52' title='bbox 775 1778 896 1841; x_wconf 75' lang='lat' dir='ltr'>vestrm</span> <span class='ocrx_word' id='word_1_53' title='bbox 934 1772 1173 1861; x_wconf 80' lang='lat' dir='ltr'>magnitudinis</span> <span class='ocrx_word' id='word_1_54' title='bbox 1209 1774 1363 1839; x_wconf 70' lang='lat' dir='ltr'>reforma</span> 
     </span>
     <span class='ocr_line' id='line_1_10' title="bbox 314 1875 1364 1963; baseline 0 -23"><span class='ocrx_word' id='word_1_55' title='bbox 314 1875 404 1941; x_wconf 89' lang='lat' dir='ltr'>tione</span> <span class='ocrx_word' id='word_1_56' title='bbox 438 1876 667 1963; x_wconf 86' lang='lat' dir='ltr'>impetrarunt,</span> <span class='ocrx_word' id='word_1_57' title='bbox 699 1875 779 1962; x_wconf 91' lang='lat' dir='ltr'>quia</span> <span class='ocrx_word' id='word_1_58' title='bbox 808 1875 960 1963; x_wconf 77' lang='lat' dir='ltr'>quaedam</span> <span class='ocrx_word' id='word_1_59' title='bbox 992 1876 1180 1943; x_wconf 80' lang='lat' dir='ltr'>additiones</span> <span class='ocrx_word' id='word_1_60' title='bbox 1213 1882 1249 1943; x_wconf 88' lang='lat' dir='ltr'>et</span> <span class='ocrx_word' id='word_1_61' title='bbox 1278 1875 1364 1941; x_wconf 88' lang='lat' dir='ltr'>clau·</span> 
     </span>
     <span class='ocr_line' id='line_1_11' title="bbox 314 1978 1364 2063; baseline -0.001 -19"><span class='ocrx_word' id='word_1_62' title='bbox 314 1978 395 2044; x_wconf 84' lang='lat' dir='ltr'>sulae</span> <span class='ocrx_word' id='word_1_63' title='bbox 431 1979 469 2043; x_wconf 91' lang='lat' dir='ltr'>in</span> <span class='ocrx_word' id='word_1_64' title='bbox 505 1979 651 2045; x_wconf 85' lang='lat' dir='ltr'>favorem</span> <span class='ocrx_word' id='word_1_65' title='bbox 696 1999 865 2063; x_wconf 90' lang='lat' dir='ltr'>procerum</span> <span class='ocrx_word' id='word_1_66' title='bbox 909 1984 944 2043; x_wconf 91' lang='lat' dir='ltr'>et</span> <span class='ocrx_word' id='word_1_67' title='bbox 983 1978 1146 2045; x_wconf 91' lang='lat' dir='ltr'>baronum</span> <span class='ocrx_word' id='word_1_68' title='bbox 1183 2000 1221 2044; x_wconf 86' lang='lat' dir='ltr'>ac</span> <span class='ocrx_word' id='word_1_69' title='bbox 1259 1979 1364 2044; x_wconf 92' lang='lat' dir='ltr'>totius</span> 
     </span>
     <span class='ocr_line' id='line_1_12' title="bbox 313 2081 1432 2169; baseline -0.002 -20"><span class='ocrx_word' id='word_1_70' title='bbox 313 2082 407 2168; x_wconf 83' lang='lat' dir='ltr'>regni</span> <span class='ocrx_word' id='word_1_71' title='bbox 428 2082 559 2169; x_wconf 79' lang='lat' dir='ltr'>Angliae</span> <span class='ocrx_word' id='word_1_72' title='bbox 586 2081 798 2169; x_wconf 88' lang='lat' dir='ltr'>praelatorum</span> <span class='ocrx_word' id='word_1_73' title='bbox 827 2102 864 2146; x_wconf 91' lang='lat' dir='ltr'>ac</span> <span class='ocrx_word' id='word_1_74' title='bbox 894 2081 1135 2168; x_wconf 84' lang='lat' dir='ltr'>depressionem</span> <span class='ocrx_word' id='word_1_75' title='bbox 1157 2086 1278 2147; x_wconf 73' lang='lat' dir='ltr'>vestrae</span> <span class='ocrx_word' id='word_1_76' title='bbox 1301 2082 1364 2147; x_wconf 90' lang='lat' dir='ltr'>cel·</span> <span class='ocrx_word' id='word_1_77' title='bbox 1429 2114 1432 2121; x_wconf 49' lang='lat'><strong>⁴</strong></span> 
     </span>
     <span class='ocr_line' id='line_1_13' title="bbox 312 2182 1363 2261; baseline -0.002 -12"><span class='ocrx_word' id='word_1_78' title='bbox 312 2183 467 2249; x_wconf 84' lang='lat' dir='ltr'>situdinis</span> <span class='ocrx_word' id='word_1_79' title='bbox 503 2182 541 2249; x_wconf 91' lang='lat' dir='ltr'>in</span> <span class='ocrx_word' id='word_1_80' title='bbox 577 2184 700 2249; x_wconf 88' lang='lat' dir='ltr'>eisdem</span> <span class='ocrx_word' id='word_1_81' title='bbox 737 2184 922 2249; x_wconf 82' lang='lat' dir='ltr'>extiterunt</span> <span class='ocrx_word' id='word_1_82' title='bbox 958 2184 1102 2261; x_wconf 82' lang='lat' dir='ltr'>insertae,</span> <span class='ocrx_word' id='word_1_83' title='bbox 1134 2184 1245 2249; x_wconf 91' lang='lat' dir='ltr'>minus</span> <span class='ocrx_word' id='word_1_84' title='bbox 1279 2182 1363 2249; x_wconf 87' lang='lat' dir='ltr'>bene</span> 
     </span>
     <span class='ocr_line' id='line_1_14' title="bbox 311 2285 1362 2373; baseline 0.001 -24"><span class='ocrx_word' id='word_1_85' title='bbox 311 2285 497 2373; x_wconf 85' lang='lat' dir='ltr'>impetratae</span> <span class='ocrx_word' id='word_1_86' title='bbox 507 2286 652 2367; x_wconf 79' lang='lat' dir='ltr'>buerunt,</span> <span class='ocrx_word' id='word_1_87' title='bbox 662 2307 861 2373; x_wconf 86' lang='lat' dir='ltr'>quamquam</span> <span class='ocrx_word' id='word_1_88' title='bbox 876 2285 919 2349; x_wconf 89' lang='lat' dir='ltr'>ad</span> <span class='ocrx_word' id='word_1_89' title='bbox 934 2286 1201 2373; x_wconf 90' lang='lat' dir='ltr'>impetrationem</span> <span class='ocrx_word' id='word_1_90' title='bbox 1217 2286 1362 2373; x_wconf 87' lang='lat' dir='ltr'>ipsarum</span> 
     </span>
     <span class='ocr_line' id='line_1_15' title="bbox 312 2387 1362 2475; baseline 0.001 -22"><span class='ocrx_word' id='word_1_91' title='bbox 312 2389 393 2455; x_wconf 90' lang='lat' dir='ltr'>totis</span> <span class='ocrx_word' id='word_1_92' title='bbox 414 2388 544 2455; x_wconf 85' lang='lat' dir='ltr'>viribus</span> <span class='ocrx_word' id='word_1_93' title='bbox 565 2388 757 2466; x_wconf 87' lang='lat' dir='ltr'>laborarint,</span> <span class='ocrx_word' id='word_1_94' title='bbox 780 2388 1055 2475; x_wconf 82' lang='lat' dir='ltr'>quemadmodum</span> <span class='ocrx_word' id='word_1_95' title='bbox 1069 2388 1106 2454; x_wconf 90' lang='lat' dir='ltr'>in</span> <span class='ocrx_word' id='word_1_96' title='bbox 1129 2387 1236 2454; x_wconf 89' lang='lat' dir='ltr'>literis</span> <span class='ocrx_word' id='word_1_97' title='bbox 1258 2388 1362 2454; x_wconf 86' lang='lat' dir='ltr'>felicis</span> 
     </span>
     <span class='ocr_line' id='line_1_16' title="bbox 312 2489 1363 2577; baseline 0 -20"><span class='ocrx_word' id='word_1_98' title='bbox 312 2490 546 2559; x_wconf 81' lang='lat' dir='ltr'>recordationis</span> <span class='ocrx_word' id='word_1_99' title='bbox 594 2491 721 2558; x_wconf 91' lang='lat' dir='ltr'>domini</span> <span class='ocrx_word' id='word_1_100' title='bbox 769 2489 953 2555; x_wconf 76' lang='lat' dir='ltr'>Alexandri</span> <span class='ocrx_word' id='word_1_101' title='bbox 1000 2512 1094 2577; x_wconf 79' lang='lat' dir='ltr'>papae</span> <span class='ocrx_word' id='word_1_102' title='bbox 1140 2490 1199 2556; x_wconf 87' lang='lat' dir='ltr'>IV.</span> <span class='ocrx_word' id='word_1_103' title='bbox 1253 2498 1363 2557; x_wconf 85' lang='lat' dir='ltr'>vestre</span> 
     </span>
     <span class='ocr_line' id='line_1_17' title="bbox 312 2590 1362 2681; baseline -0.002 -22"><span class='ocrx_word' id='word_1_104' title='bbox 312 2594 471 2659; x_wconf 84' lang='lat' dir='ltr'>serenitas</span> <span class='ocrx_word' id='word_1_105' title='bbox 503 2594 616 2661; x_wconf 84' lang='lat' dir='ltr'>videre</span> <span class='ocrx_word' id='word_1_106' title='bbox 648 2592 772 2681; x_wconf 88' lang='lat' dir='ltr'>poterit</span> <span class='ocrx_word' id='word_1_107' title='bbox 804 2592 933 2680; x_wconf 87' lang='lat' dir='ltr'>plenius</span> <span class='ocrx_word' id='word_1_108' title='bbox 964 2592 1134 2659; x_wconf 84' lang='lat' dir='ltr'>contineri.</span> <span class='ocrx_word' id='word_1_109' title='bbox 1199 2590 1362 2657; x_wconf 85' lang='lat' dir='ltr'>Grossutis</span> 
     </span>
     <span class='ocr_line' id='line_1_18' title="bbox 313 2693 1360 2783; baseline -0.001 -23"><span class='ocrx_word' id='word_1_110' title='bbox 313 2716 442 2782; x_wconf 91' lang='lat' dir='ltr'>quoque</span> <span class='ocrx_word' id='word_1_111' title='bbox 462 2696 567 2763; x_wconf 89' lang='lat' dir='ltr'>literis</span> <span class='ocrx_word' id='word_1_112' title='bbox 589 2694 794 2783; x_wconf 82' lang='lat' dir='ltr'>supradietis,</span> <span class='ocrx_word' id='word_1_113' title='bbox 820 2693 952 2761; x_wconf 87' lang='lat' dir='ltr'>easdem</span> <span class='ocrx_word' id='word_1_114' title='bbox 974 2694 1127 2760; x_wconf 90' lang='lat' dir='ltr'>dominus</span> <span class='ocrx_word' id='word_1_115' title='bbox 1148 2715 1235 2782; x_wconf 89' lang='lat' dir='ltr'>papa</span> <span class='ocrx_word' id='word_1_116' title='bbox 1265 2716 1360 2782; x_wconf 90' lang='lat' dir='ltr'>prop-</span> 
     </span>
     <span class='ocr_line' id='line_1_19' title="bbox 311 2795 1361 2884; baseline -0.002 -21"><span class='ocrx_word' id='word_1_117' title='bbox 311 2802 364 2863; x_wconf 88' lang='lat' dir='ltr'>ter</span> <span class='ocrx_word' id='word_1_118' title='bbox 396 2799 657 2865; x_wconf 81' lang='lat' dir='ltr'>adversariorum</span> <span class='ocrx_word' id='word_1_119' title='bbox 691 2796 924 2884; x_wconf 86' lang='lat' dir='ltr'>pnedictorum</span> <span class='ocrx_word' id='word_1_120' title='bbox 956 2795 1140 2883; x_wconf 86' lang='lat' dir='ltr'>nequitiam</span> <span class='ocrx_word' id='word_1_121' title='bbox 1175 2804 1210 2863; x_wconf 90' lang='lat' dir='ltr'>et</span> <span class='ocrx_word' id='word_1_122' title='bbox 1241 2795 1361 2883; x_wconf 89' lang='lat' dir='ltr'>impor-</span> 
     </span>
     <span class='ocr_line' id='line_1_20' title="bbox 312 2899 1361 2978; baseline -0.001 -11"><span class='ocrx_word' id='word_1_123' title='bbox 312 2907 428 2968; x_wconf 91' lang='lat' dir='ltr'>tunam</span> <span class='ocrx_word' id='word_1_124' title='bbox 480 2901 684 2978; x_wconf 86' lang='lat' dir='ltr'>instantiam,</span> <span class='ocrx_word' id='word_1_125' title='bbox 733 2899 805 2966; x_wconf 89' lang='lat' dir='ltr'>sine</span> <span class='ocrx_word' id='word_1_126' title='bbox 857 2899 998 2965; x_wconf 84' lang='lat' dir='ltr'>fratrum</span> <span class='ocrx_word' id='word_1_127' title='bbox 1045 2921 1178 2965; x_wconf 87' lang='lat' dir='ltr'>suorum</span> <span class='ocrx_word' id='word_1_128' title='bbox 1227 2901 1361 2966; x_wconf 88' lang='lat' dir='ltr'>consilio</span> 
     </span>
     <span class='ocr_line' id='line_1_21' title="bbox 312 3001 1361 3089; baseline 0.002 -23"><span class='ocrx_word' id='word_1_129' title='bbox 312 3003 502 3071; x_wconf 89' lang='lat' dir='ltr'>nullatenus</span> <span class='ocrx_word' id='word_1_130' title='bbox 551 3001 661 3068; x_wconf 88' lang='lat' dir='ltr'>voluit</span> <span class='ocrx_word' id='word_1_131' title='bbox 713 3001 893 3089; x_wconf 84' lang='lat' dir='ltr'>expedire3</span> <span class='ocrx_word' id='word_1_132' title='bbox 946 3023 1027 3089; x_wconf 90' lang='lat' dir='ltr'>quas</span> <span class='ocrx_word' id='word_1_133' title='bbox 1080 3002 1225 3080; x_wconf 86' lang='lat' dir='ltr'>tandem,</span> <span class='ocrx_word' id='word_1_134' title='bbox 1275 3003 1361 3068; x_wconf 91' lang='lat' dir='ltr'>sicut</span> 
     </span>
     <span class='ocr_line' id='line_1_22' title="bbox 312 3105 1362 3192; baseline -0.002 -20"><span class='ocrx_word' id='word_1_135' title='bbox 312 3106 462 3192; x_wconf 75' lang='lat' dir='ltr'>praedixi,</span> <span class='ocrx_word' id='word_1_136' title='bbox 483 3105 627 3172; x_wconf 79' lang='lat' dir='ltr'>bullatas</span> <span class='ocrx_word' id='word_1_137' title='bbox 657 3105 801 3184; x_wconf 88' lang='lat' dir='ltr'>obtineo,</span> <span class='ocrx_word' id='word_1_138' title='bbox 827 3105 906 3170; x_wconf 88' lang='lat' dir='ltr'>licet</span> <span class='ocrx_word' id='word_1_139' title='bbox 937 3105 1148 3192; x_wconf 85' lang='lat' dir='ltr'>quamplures</span> <span class='ocrx_word' id='word_1_140' title='bbox 1179 3105 1362 3171; x_wconf 81' lang='lat' dir='ltr'>cardinales</span> 
     </span>
     <span class='ocr_line' id='line_1_23' title="bbox 311 3206 1361 3295; baseline 0 -22"><span class='ocrx_word' id='word_1_141' title='bbox 311 3208 500 3273; x_wconf 88' lang='lat' dir='ltr'>celsitudini</span> <span class='ocrx_word' id='word_1_142' title='bbox 521 3213 643 3274; x_wconf 70' lang='lat' dir='ltr'>vestrae</span> <span class='ocrx_word' id='word_1_143' title='bbox 673 3227 772 3295; x_wconf 86' lang='lat' dir='ltr'>super</span> <span class='ocrx_word' id='word_1_144' title='bbox 805 3206 867 3273; x_wconf 89' lang='lat' dir='ltr'>hoc</span> <span class='ocrx_word' id='word_1_145' title='bbox 900 3207 1082 3273; x_wconf 87' lang='lat' dir='ltr'>adversarii</span> <span class='ocrx_word' id='word_1_146' title='bbox 1109 3207 1297 3286; x_wconf 80' lang='lat' dir='ltr'>existentes,</span> <span class='ocrx_word' id='word_1_147' title='bbox 1319 3231 1361 3273; x_wconf 88' lang='lat' dir='ltr'>ne</span> 
     </span>
     <span class='ocr_line' id='line_1_24' title="bbox 310 3307 1361 3396; baseline 0.002 -24"><span class='ocrx_word' id='word_1_148' title='bbox 310 3309 391 3396; x_wconf 80' lang='lat' dir='ltr'>ipsse</span> <span class='ocrx_word' id='word_1_149' title='bbox 428 3309 534 3376; x_wconf 77' lang='lat' dir='ltr'>literae</span> <span class='ocrx_word' id='word_1_150' title='bbox 565 3309 803 3396; x_wconf 83' lang='lat' dir='ltr'>expedirentur</span> <span class='ocrx_word' id='word_1_151' title='bbox 836 3307 940 3394; x_wconf 85' lang='lat' dir='ltr'>juxta</span> <span class='ocrx_word' id='word_1_152' title='bbox 976 3329 1069 3396; x_wconf 86' lang='lat' dir='ltr'>posse</span> <span class='ocrx_word' id='word_1_153' title='bbox 1104 3309 1361 3396; x_wconf 84' lang='lat' dir='ltr'>interposuerint</span> 
     </span>
     <span class='ocr_line' id='line_1_25' title="bbox 310 3410 1360 3498; baseline 0.001 -23"><span class='ocrx_word' id='word_1_154' title='bbox 310 3418 419 3498; x_wconf 77' lang='lat' dir='ltr'>partes</span> <span class='ocrx_word' id='word_1_155' title='bbox 456 3434 538 3478; x_wconf 89' lang='lat' dir='ltr'>suas.</span> <span class='ocrx_word' id='word_1_156' title='bbox 588 3411 709 3477; x_wconf 88' lang='lat' dir='ltr'>Valeat</span> <span class='ocrx_word' id='word_1_157' title='bbox 747 3410 943 3477; x_wconf 81' lang='lat' dir='ltr'>excellentie</span> <span class='ocrx_word' id='word_1_158' title='bbox 979 3418 1092 3477; x_wconf 88' lang='lat' dir='ltr'>vestre</span> <span class='ocrx_word' id='word_1_159' title='bbox 1123 3433 1182 3497; x_wconf 91' lang='lat' dir='ltr'>per</span> <span class='ocrx_word' id='word_1_160' title='bbox 1211 3417 1360 3497; x_wconf 87' lang='lat' dir='ltr'>tempora</span> 
     </span>
     <span class='ocr_line' id='line_1_26' title="bbox 310 3515 465 3602; baseline 0.019 -23"><span class='ocrx_word' id='word_1_161' title='bbox 310 3515 465 3602; x_wconf 86' lang='lat' dir='ltr'>longiora</span> 
     </span>
    </p>

    <p class='ocr_par' dir='ltr' id='par_1_5' title="bbox 354 3615 1032 3697">
     <span class='ocr_line' id='line_1_27' title="bbox 354 3615 1032 3697; baseline 0 -15"><span class='ocrx_word' id='word_1_162' title='bbox 354 3617 480 3684; x_wconf 88' lang='lat' dir='ltr'>Datum</span> <span class='ocrx_word' id='word_1_163' title='bbox 503 3618 654 3697; x_wconf 89' lang='lat' dir='ltr'>Viterbii,</span> <span class='ocrx_word' id='word_1_164' title='bbox 677 3618 820 3684; x_wconf 86' lang='lat' dir='ltr'>secundo</span> <span class='ocrx_word' id='word_1_165' title='bbox 841 3616 918 3682; x_wconf 92' lang='lat' dir='ltr'>idus</span> <span class='ocrx_word' id='word_1_166' title='bbox 942 3615 1032 3682; x_wconf 80' lang='lat' dir='ltr'>Maii.</span> 
     </span>
    </p>

    <p class='ocr_par' dir='ltr' id='par_1_6' title="bbox 356 3718 737 3808">
     <span class='ocr_line' id='line_1_28' title="bbox 356 3718 737 3808; baseline 0.005 -23"><span class='ocrx_word' id='word_1_167' title='bbox 356 3718 485 3786; x_wconf 91' lang='lat' dir='ltr'>Illustri</span> <span class='ocrx_word' id='word_1_168' title='bbox 506 3721 577 3808; x_wconf 90' lang='lat' dir='ltr'>regi</span> <span class='ocrx_word' id='word_1_169' title='bbox 599 3721 737 3808; x_wconf 79' lang='lat' dir='ltr'>Angliae.</span> 
     </span>
    </p>
   </div>
   <div class='ocr_carea' id='block_1_4' title="bbox 739 4073 917 4142">
    <p class='ocr_par' dir='ltr' id='par_1_7' title="bbox 739 4073 917 4142">
     <span class='ocr_line' id='line_1_29' title="bbox 739 4073 917 4142; baseline -0.011 0"><span class='ocrx_word' id='word_1_170' title='bbox 739 4073 917 4142; x_wconf 86' lang='lat' dir='ltr'>DLXXII.</span> 
     </span>
    </p>
   </div>
   <div class='ocr_carea' id='block_1_5' title="bbox 342 4207 1324 4381">
    <p class='ocr_par' dir='ltr' id='par_1_8' title="bbox 342 4207 1324 4381">
     <span class='ocr_line' id='line_1_30' title="bbox 342 4207 1324 4278; baseline -0.006 -2"><span class='ocrx_word' id='word_1_171' title='bbox 342 4211 473 4278; x_wconf 82' lang='lat' dir='ltr'>Hnuar</span> <span class='ocrx_word' id='word_1_172' title='bbox 497 4211 563 4278; x_wconf 93' lang='lat' dir='ltr'>III.</span> <span class='ocrx_word' id='word_1_173' title='bbox 586 4229 629 4278; x_wconf 85' lang='lat' dir='ltr'>ro</span> <span class='ocrx_word' id='word_1_174' title='bbox 651 4211 751 4278; x_wconf 85' lang='lat' dir='ltr'>Jorru</span> <span class='ocrx_word' id='word_1_175' title='bbox 772 4228 817 4278; x_wconf 88' lang='lat' dir='ltr'>or</span> <span class='ocrx_word' id='word_1_176' title='bbox 839 4209 1083 4276; x_wconf 82' lang='lat' dir='ltr'>Hsurueroan</span> <span class='ocrx_word' id='word_1_177' title='bbox 1106 4221 1179 4272; x_wconf 82' lang='lat' dir='ltr'>aun</span> <span class='ocrx_word' id='word_1_178' title='bbox 1203 4207 1324 4271; x_wconf 84' lang='lat' dir='ltr'>Itouna</span> 
     </span>
     <span class='ocr_line' id='line_1_31' title="bbox 772 4313 897 4381; baseline 0.016 -2"><span class='ocrx_word' id='word_1_179' title='bbox 772 4313 897 4381; x_wconf 74' lang='lat' dir='ltr'>levin</span> 
     </span>
    </p>
   </div>
   <div class='ocr_carea' id='block_1_6' title="bbox 308 4436 1484 4731">
    <p class='ocr_par' dir='ltr' id='par_1_9' title="bbox 308 4436 1484 4731">
     <span class='ocr_line' id='line_1_32' title="bbox 534 4436 1117 4504; baseline -0.01 -14"><span class='ocrx_word' id='word_1_180' title='bbox 534 4439 619 4504; x_wconf 76' lang='lat' dir='ltr'>,(liot.</span> <span class='ocrx_word' id='word_1_181' title='bbox 631 4440 686 4490; x_wconf 81' lang='lat' dir='ltr'>Pat</span> <span class='ocrx_word' id='word_1_182' title='bbox 698 4443 730 4490; x_wconf 81' lang='grc'>46</span> <span class='ocrx_word' id='word_1_183' title='bbox 743 4438 809 4490; x_wconf 87' lang='lat' dir='ltr'>lien.</span> <span class='ocrx_word' id='word_1_184' title='bbox 820 4438 871 4489; x_wconf 90' lang='lat'>111.</span> <span class='ocrx_word' id='word_1_185' title='bbox 884 4454 909 4502; x_wconf 89' lang='lat' dir='ltr'>p.</span> <span class='ocrx_word' id='word_1_186' title='bbox 925 4442 946 4496; x_wconf 88' lang='lat'>1,</span> <span class='ocrx_word' id='word_1_187' title='bbox 958 4436 1049 4486; x_wconf 87' lang='lat' dir='ltr'>memb.</span> <span class='ocrx_word' id='word_1_188' title='bbox 1065 4436 1117 4498; x_wconf 88' lang='lat'>10.)</span> 
     </span>
     <span class='ocr_line' id='line_1_33' title="bbox 352 4533 1484 4629; baseline -0.006 -21"><span class='ocrx_word' id='word_1_189' title='bbox 352 4543 425 4608; x_wconf 86' lang='lat' dir='ltr'>Rex</span> <span class='ocrx_word' id='word_1_190' title='bbox 454 4542 622 4629; x_wconf 86' lang='lat' dir='ltr'>magistris</span> <span class='ocrx_word' id='word_1_191' title='bbox 654 4540 803 4607; x_wconf 84' lang='lat' dir='ltr'>Johunni</span> <span class='ocrx_word' id='word_1_192' title='bbox 837 4539 877 4604; x_wconf 90' lang='lat' dir='ltr'>de</span> <span class='ocrx_word' id='word_1_193' title='bbox 909 4535 1130 4624; x_wconf 79' lang='lat' dir='ltr'>Hemingford</span> <span class='ocrx_word' id='word_1_194' title='bbox 1162 4540 1195 4600; x_wconf 93' lang='lat' dir='ltr'>et</span> <span class='ocrx_word' id='word_1_195' title='bbox 1229 4533 1356 4620; x_wconf 87' lang='lat' dir='ltr'>Rogero</span> <span class='ocrx_word' id='word_1_196' title='bbox 1369 4534 1484 4603; x_wconf 56' lang='lat' dir='ltr'>Muti·</span> 
     </span>
     <span class='ocr_line' id='line_1_34' title="bbox 308 4607 1444 4731; baseline -0.008 -22"><span class='ocrx_word' id='word_1_197' title='bbox 308 4643 422 4725; x_wconf 85' lang='lat' dir='ltr'>Lavel,</span> <span class='ocrx_word' id='word_1_198' title='bbox 443 4644 709 4731; x_wconf 85' lang='lat' dir='ltr'>procuratoribus</span> <span class='ocrx_word' id='word_1_199' title='bbox 731 4643 800 4708; x_wconf 86' lang='lat' dir='ltr'>suis</span> <span class='ocrx_word' id='word_1_200' title='bbox 822 4641 858 4706; x_wconf 91' lang='lat' dir='ltr'>in</span> <span class='ocrx_word' id='word_1_201' title='bbox 882 4639 975 4706; x_wconf 87' lang='lat' dir='ltr'>curia</span> <span class='ocrx_word' id='word_1_202' title='bbox 998 4639 1150 4705; x_wconf 84' lang='lat' dir='ltr'>Romane</span> <span class='ocrx_word' id='word_1_203' title='bbox 1172 4636 1357 4724; x_wconf 86' lang='lat' dir='ltr'>agentibus,</span> <span class='ocrx_word' id='word_1_204' title='bbox 1372 4607 1444 4654; x_wconf 67' lang='lat'><strong>¹⁹⁶²·</strong></span> 
     </span>
    </p>
   </div>
   <div class='ocr_carea' id='block_1_7' title="bbox 308 4749 1225 4916">
    <p class='ocr_par' dir='ltr' id='par_1_10' title="bbox 308 4749 1225 4916">
     <span class='ocr_line' id='line_1_35' title="bbox 308 4749 456 4816; baseline 0.014 -2"><span class='ocrx_word' id='word_1_205' title='bbox 308 4749 456 4816; x_wconf 87' lang='lat' dir='ltr'>salutem.</span> 
     </span>
     <span class='ocr_line' id='line_1_36' title="bbox 396 4867 1225 4916; baseline -0.007 -2"><span class='ocrx_word' id='word_1_206' title='bbox 396 4868 471 4915; x_wconf 73' lang='lat' dir='ltr'>voa.</span> <span class='ocrx_word' id='word_1_207' title='bbox 496 4869 530 4916; x_wconf 87' lang='lat'>11.</span> <span class='ocrx_word' id='word_1_208' title='bbox 1204 4867 1225 4908; x_wconf 88' lang='grc' dir='ltr'>υ</span> 
     </span>
    </p>
   </div>
   <div class='ocr_carea' id='block_1_8' title="bbox 0 0 1810 5800">
    <p class='ocr_par' dir='ltr' id='par_1_11' title="bbox 0 0 1810 5800">
     <span class='ocr_line' id='line_1_37' title="bbox 0 0 1810 5800; baseline 0 2"><span class='ocrx_word' id='word_1_209' title='bbox 0 0 1810 5800; x_wconf 95' lang='lat' dir='ltr'> </span> 
     </span>
    </p>
   </div>
  </div>
 </body>
</html>
