3609 5800
417 907 668 963 unusrnumvn
691 909 735 959 ou
757 910 827 962 ruo
849 910 958 963 numu
980 910 1024 961 or
1047 910 1167 961 nuum
1190 910 1239 959 111.
1296 895 1361 961 259

303 1068 417 1162 facere,
439 1078 669 1149 celsitudinem
691 1087 839 1151 vestrum
862 1088 994 1153 attente
1020 1086 1218 1173 requirimus
1241 1090 1277 1155 et
1310 1108 1361 1153 rc·

303 1206 428 1277 gamno,
451 1188 614 1275 quatenus
636 1207 740 1275 usque
766 1186 940 1255 Boloniam
962 1210 1062 1277 supra
1085 1189 1177 1257 Mare
1211 1190 1362 1257 accedere

302 1293 357 1360 vel
378 1288 463 1356 tales
484 1288 526 1354 de
547 1288 684 1355 consilio
698 1294 820 1373 vestro,
836 1293 866 1357 si
879 1292 1014 1372 ibidem,
1030 1293 1118 1380 quod
1133 1292 1231 1374 absit,
1247 1294 1362 1361 venire

301 1390 527 1484 nequiveritis,
542 1391 705 1459 destinare
727 1394 848 1473 velitis,
864 1416 939 1461 eum
962 1395 1083 1483 quibus
1105 1417 1164 1483 per
1190 1396 1362 1465 sollemnes

303 1497 438 1568 nuntios
458 1500 587 1561 nocuos
605 1516 704 1583 super
735 1498 825 1565 dicta
855 1520 934 1586 pnes
966 1498 1174 1565 reformanda
1206 1506 1362 1569 mutuum

302 1602 423 1673 hebere
459 1599 622 1689 monimus
659 1598 833 1668 eonsilium
870 1606 905 1669 et
940 1602 1110 1670 auxilium
1167 1602 1202 1669 N
1205 1625 1241 1669 os
1272 1604 1360 1671 enim

302 1728 377 1772 cum
398 1703 578 1771 baronibus
600 1708 634 1769 et
656 1704 792 1771 consilio
823 1711 937 1771 nostro
968 1706 1102 1773 obviam
1126 1706 1249 1773 erimus
1271 1709 1360 1795 apud

304 1809 494 1886 Devoriam,
531 1811 572 1874 ut
607 1808 720 1874 nuntii
757 1808 836 1875 hino
873 1809 953 1875 inde
990 1809 1129 1899 singuiis
1160 1810 1276 1877 diebus
1312 1813 1361 1877 ire

301 1914 429 2001 possint
450 1916 486 1978 et
512 1910 626 1993 redire,
650 1911 804 1998 quotiens
827 1934 910 2001 opus
932 1912 1035 1981 firerit
1057 1934 1117 2001 pro
1150 1915 1360 2004 expeditione

301 2016 427 2105 negotii
448 2013 607 2103 praedicti

346 2123 394 2188 Et
409 2120 552 2199 interim,
569 2118 598 2185 si
615 2118 731 2207 placet,
748 2122 933 2189 adventum
956 2122 1109 2211 predicti
1132 2124 1295 2191 exercitus
1317 2126 1360 2194 ud

301 2248 390 2296 mam
411 2227 546 2313 propter
567 2228 718 2311 sumptus
753 2229 789 2291 et
820 2226 966 2313 pericula
997 2226 1202 2314 emergentia
1233 2226 1359 2295 differri

295 2329 451 2418 jubeatis,
482 2348 651 2414 quousque
688 2349 786 2415 super
823 2333 948 2395 eventu
986 2332 1149 2395 tractatus
1194 2330 1358 2397 certitudo

300 2433 429 2523 plenior
461 2430 623 2497 habeatur
655 2429 829 2517 utrimque.
886 2432 940 2497 Ex
972 2432 1121 2499 adventu
1147 2432 1237 2497 enim
1268 2434 1357 2498 tanti

301 2536 463 2603 exercitus
485 2533 521 2599 in
544 2532 701 2621 Angliam
724 2534 910 2601 miseranda
939 2538 1065 2623 strages
1095 2534 1245 2623 gentium
1275 2536 1359 2601 utri·

301 2660 403 2725 usque
432 2636 527 2727 regni
559 2635 751 2723 mutingere
781 2643 901 2726 posset,
925 2642 960 2703 et
982 2638 1078 2703 nobis
1113 2643 1148 2704 et
1179 2637 1357 2705 heredibus

299 2742 421 2810 nostris
442 2739 654 2807 exheredatio
676 2746 844 2829 perpetua,
861 2744 895 2807 et
917 2740 983 2807 toti
1007 2740 1259 2807 Christianitati
1276 2741 1355 2806 irre-

301 2844 485 2937 cuperabile
522 2842 730 2930 dispendium
768 2844 946 2930 provenire.
1009 2843 1115 2934 Super
1151 2842 1205 2910 hie
1242 2849 1355 2911 eutem

301 2950 420 3016 dilecto
454 2947 554 3014 militi
585 2950 699 3011 nostro
722 2945 888 3013 Willelmo
924 2947 1068 3028 Chanes,
1093 2969 1190 3034 quem
1223 2949 1265 3013 ed
1297 2969 1356 3015 voe

300 3075 359 3142 pro
395 3053 483 3117 dicto
521 3049 654 3137 negotio
692 3049 821 3137 plenius
858 3051 1050 3138 exequendo
1084 3050 1354 3130 transmittimus,

299 3157 397 3222 fidem
419 3154 574 3220 adhibere
596 3152 708 3219 velitis
730 3152 966 3234 indubitatam,
982 3157 1157 3222 stutum'et
1180 3154 1354 3220 consilium

268 3246 271 3255 ¹
300 3265 447 3326 vestrum
469 3258 565 3324 nobis
586 3256 802 3323 rescribentes
824 3257 1046 3344 pereundum,
1064 3279 1221 3324 unacum
1236 3263 1355 3324 veetrre

298 3363 502 3450 beneplacito
523 3361 715 3428 voluntatis.

346 3466 441 3531 Teate
464 3487 538 3552 rege
557 3465 645 3551 apud
661 3463 819 3529 Sanctum
838 3463 1008 3551 [Paulum]
1028 3463 1214 3546 Londonire,
1231 3465 1355 3532 decimo
1387 3483 1394 3504 ⁸

300 3571 354 3638 die
376 3569 468 3634 Julii.

748 3892 904 3961 DOXVI.

522 4039 654 4106 Hmuu
680 4036 748 4106 ΙΙΙ.
774 4055 818 4104 ro
843 4036 941 4104 Jouu
970 4035 1132 4106 Bsumou.

509 4179 580 4243 (not.
592 4179 670 4230 claua
681 4184 713 4230 48
724 4178 791 4231 Heu.
803 4177 862 4237 111„
873 4179 966 4230 memb.
977 4183 992 4228 4
1005 4177 1032 4226 lu
1044 4177 1140 4240 dorso.)

346 4299 418 4364 Rex
463 4296 582 4363 dilecto
627 4299 661 4360 et
705 4294 795 4361 fideli
839 4316 898 4359 suo
937 4293 960 4359 J
962 4292 1084 4358 chunni
1122 4291 1162 4357 de
1200 4287 1351 4376 Baylloll,
1364 4299 1428 4364 July
1442 4303 1481 4362 re,

298 4403 447 4466 salutem·
1367 4372 1438 4418 1264.

346 4503 431 4570 Cum
464 4524 523 4590 pro
555 4506 643 4567 certo
676 4501 937 4567 intellexerimus
972 4497 1061 4584 quod
1094 4494 1351 4582 alienigenarum
1365 4509 1413 4560 we
1424 4516 1508 4574 repeat

300 4629 421 4694 magua
435 4605 617 4671 multitudo
628 4606 762 4691 navigio
770 4603 998 4686 undecumque
1011 4599 1144 4664 collecto
1159 4597 1202 4664 ad
1213 4619 1351 4684 regnum
1364 4591 1491 4695 ffiffi

302 4716 452 4776 nostrum
483 4708 649 4774 hostiliter
683 4707 873 4773 intrandum
907 4726 941 4770 se
964 4706 1135 4788 praeperet,
1158 4722 1226 4867 nep
1248 4701 1351 4766 solum
1364 4713 1495 4778 youtobe

1149 4820 1172 4867 a
