3609 5800
435 890 501 952 216
590 900 705 953 norm
726 902 801 953 usn
823 905 939 954 orrmn
961 904 1165 956 nrsromosn
1189 908 1338 957 currens

836 1294 1065 1364 DLXXVIII.

569 1456 700 1521 Hersr
723 1454 790 1523 IIL
814 1472 857 1521 ro
879 1456 1095 1523 mersurus
1117 1471 1163 1523 Ar
1186 1458 1348 1525 Gnrrrrr.

646 1596 717 1660 (aot
729 1596 814 1649 Clam.
826 1601 859 1646 46
870 1596 938 1648 Hen.
950 1596 1009 1657 111..
1021 1599 1113 1649 memb.
1126 1598 1178 1648 3in
1189 1599 1287 1663 dorso.)

209 1775 215 1785 .
270 1717 341 1781 Aug.
354 1720 395 1779 25,
482 1716 555 1782 Rex
581 1715 744 1782 Lewelino
766 1715 835 1781 filio
860 1714 998 1795 Griffini,
1026 1716 1174 1783 salutem.

268 1789 345 1925 ppos.
483 1819 588 1907 Super
616 1840 655 1884 00
697 1819 785 1904 quod
823 1840 884 1883 nos
925 1820 1067 1906 rogastis
1108 1819 1197 1905 quod
1232 1822 1488 1908 interceptiones

269 1890 379 2007 serisii}
437 1942 543 2007 nuper
568 1920 672 1986 factas
697 1941 756 2006 per
779 1920 939 2007 quosdam
964 1922 1104 1987 barones
1124 1928 1252 1989 nostros
1275 1923 1312 1989 in
1338 1924 1486 2011 partibus

270 2007 404 2139 {ffiffi
437 2024 575 2102 Wslliae,
605 2028 720 2089 contra
758 2021 895 2089 formam
925 2029 1119 2111 treugarum
1150 2026 1238 2091 inter
1273 2048 1334 2091 nos
1364 2029 1398 2091 et
1427 2048 1487 2091 vos

270 2140 354 2203 errjue
366 2142 409 2191 the
437 2124 617 2205 initorum,¹
634 2126 716 2192 seire
726 2146 786 2190 vos
800 2126 953 2192 volumus
968 2126 1056 2213 quod
1066 2126 1283 2193 dictatoribus
1298 2133 1487 2216 treugarum

269 2207 430 2325 mi&
438 2228 669 2317 praedictarum
699 2250 743 2293 ex
781 2233 875 2314 parte
914 2234 1028 2294 nostra
1066 2229 1234 2316 deputatis
1273 2230 1423 2296 dedimus
1452 2229 1488 2294 in

437 2330 604 2396 mandatis
634 2332 721 2417 quod
745 2330 781 2395 in
807 2331 950 2397 crastino
976 2330 1009 2396 S.
1037 2331 1207 2397 Michaelis
1233 2332 1384 2419 proximo
1407 2352 1488 2398 ven-

438 2439 514 2500 turo
535 2435 603 2499 sint
629 2434 672 2499 ad
697 2433 827 2499 Vadum
856 2436 896 2499 de
927 2434 1150 2521 Mungumery
1174 2455 1233 2522 pro
1258 2436 1488 2501 emendatione

437 2537 713 2623 interceptionum
743 2535 985 2624 praedictarum,
1017 2538 1044 2601 si
1075 2558 1148 2622 quae
1178 2536 1274 2603 factae
1303 2537 1427 2603 fuerint
1453 2538 1487 2602 in

437 2638 588 2726 partibus
617 2636 683 2703 illis
716 2644 832 2704 contra
862 2638 1001 2703 formam
1039 2638 1225 2705 earumdem.
1272 2640 1319 2705 Et
1352 2638 1488 2704 manda-

438 2742 546 2807 vimus
572 2740 815 2807 venerabilibus
850 2740 1002 2827 patribus
1027 2740 1186 2828 R[ogero]
1214 2741 1428 2808 Coventrensi
1453 2747 1489 2808 et

438 2841 667 2930 Lychieldensi
681 2847 715 2908 et
730 2842 1116 2930 S[i1n0ni]Norwyoensi
1132 2843 1298 2933 episcopis,
1308 2865 1346 2910 ec
1361 2842 1488 2910 dilectis

437 2951 472 3011 et
497 2945 650 3011 fidelibus
678 2945 799 3010 nostris
825 2945 1003 3011 Humfrido
1034 2945 1075 3011 de
1105 2945 1223 3011 Bohun
1246 2945 1359 3012 comiti
1386 2946 1488 3012 Herc·

438 3046 562 3124 fordisa,
592 3051 628 3112 et
656 3045 781 3113 Jaoobo
824 3046 863 3113 de
901 3047 1094 3134 Aldythley,
1125 3048 1212 3132 quod
1242 3047 1339 3113 dictis
1370 3047 1423 3112 die
1452 3054 1487 3112 et

439 3149 508 3215 iooo
537 3149 694 3214 intersint
723 3149 766 3214 ad
795 3149 900 3215 dictas
938 3150 1201 3237 interceptiones,
1231 3151 1259 3214 si
1289 3171 1361 3236 quae
1391 3149 1486 3216 factae

438 3251 570 3328 fuerint,
585 3255 685 3338 prout
693 3251 823 3338 justum
845 3251 946 3318 fuerit
970 3252 1099 3339 plenius
1123 3251 1352 3318 emendandas
1399 3251 1487 3332 Qua-

437 3358 571 3441 propter
592 3354 769 3420 dictatores
792 3359 920 3421 vestros
943 3355 986 3420 ad
1008 3354 1182 3441 praedictos
1208 3354 1296 3420 diem
1322 3359 1358 3420 et
1380 3354 1486 3420 locum

438 3456 582 3521 mittatis
611 3477 670 3543 pro
700 3456 929 3523 emendatione
958 3462 1149 3546 treugarum
1187 3456 1427 3542 praedictarum,
1453 3461 1487 3523 et

438 3557 540 3622 etiam
559 3579 619 3644 pro
645 3558 791 3624 emendis
814 3581 873 3646 per
887 3581 949 3625 vos
973 3565 1008 3625 et
1022 3563 1151 3626 vestros
1173 3557 1377 3646 praestandis,
1392 3580 1488 3645 snper

439 3659 801 3746 transgressionibussi
832 3683 908 3749 qnae
940 3662 1037 3726 nobis
1058 3660 1112 3726 vel
1143 3659 1333 3726 hominibus
1365 3660 1488 3726 nostris

439 3761 543 3828 iliatae
586 3761 712 3828 fuerint
756 3767 873 3828 contra
917 3762 1057 3828 formam
1101 3766 1293 3848 treugarum
1334 3761 1486 3850 ipsarum,

440 3866 619 3932 secundnm
653 3865 741 3951 quod
774 3887 816 3931 ex
848 3864 993 3951 plurium
1026 3864 1230 3951 querimonia
1251 3863 1346 3930 nobis
1368 3866 1488 3953 srepius

438 3973 490 4035 est
511 3972 687 4034 ostensum

271 4064 427 4184 fflffld
484 4071 605 4138 Sciatis
637 4071 772 4160 insuper
805 4073 893 4158 quod
925 4095 946 4137 a
977 4077 1091 4138 nostra
1112 4072 1287 4138 voluntate
1319 4093 1388 4138 non
1412 4093 1488 4159 pro·

274 4199 340 4248 done
351 4200 426 4250 enrri-
439 4174 535 4255 cessit
549 4175 631 4261 quin
652 4197 673 4239 e
694 4174 748 4240 die
764 4173 796 4240 S.
811 4174 836 4239 J
837 4175 976 4240 ohannis
993 4175 1155 4262 Baptistae
1170 4176 1208 4240 in
1222 4197 1325 4241 unum
1341 4197 1486 4241 mensem

274 4267 417 4383 g’effig
438 4278 534 4344 faotae
563 4276 704 4344 fuissent
734 4276 924 4364 hujusmodi
956 4279 1103 4344 emendes
1134 4299 1194 4365 pro
1221 4285 1361 4364 utraque
1382 4283 1485 4365 parte,

275 4397 355 4447 osche
439 4381 497 4444 sed
518 4401 577 4466 per
598 4379 827 4447 infirmitatem
848 4379 980 4467 praefati
1001 4381 1109 4446 fidelis
1130 4380 1236 4446 nostri
1260 4379 1486 4454 Humfn'dide

274 4464 407 4584 {emm
442 4483 561 4547 Bohun
593 4483 722 4548 comitis
754 4483 969 4561 Herefordiae‚
992 4504 1089 4570 quem
1122 4483 1165 4548 ad
1196 4483 1301 4548 dictas
1334 4484 1488 4549 emendas

536 4804 542 4834 ¹
560 4803 759 4866 emmena,
771 4819 800 4854 or
811 4819 880 4854 some
891 4803 989 4854 similer
1000 4805 1078 4864 word,
1089 4817 1193 4867 appears
1203 4809 1229 4853 to
1240 4802 1270 4852 bo
1281 4799 1401 4865 rsndng.
