3609 5800
491 845 555 908 236
646 856 760 905 some
782 855 854 905 aaa
877 856 992 905 ossea
1014 854 1221 905 HISTORICAL
1244 856 1388 905 emmaus

490 1056 549 1120 pro
573 1054 637 1119 quo
659 1033 746 1097 lator
769 1032 983 1117 praesentium
1006 1031 1048 1095 ad
1071 1030 1240 1095 dominum
1264 1052 1373 1117 regem
1404 1035 1438 1097 et
1459 1032 1543 1117 regis

491 1157 568 1199 nam
590 1136 724 1213 aceedit,
748 1133 837 1221 quod
870 1133 1003 1219 quidem
1038 1130 1227 1197 omnimoda
1256 1133 1423 1199 celeritate
1457 1133 1541 1199 desi-

490 1236 594 1315 derat,
617 1236 645 1300 si
674 1235 790 1322 placet,
816 1239 979 1320 quantum
1012 1234 1047 1299 in
1082 1233 1177 1299 vobis
1211 1239 1262 1300 est
1295 1234 1478 1323 expediatis
1508 1243 1541 1301 et

489 1338 669 1425 procuretis
691 1337 846 1424 expediri.

534 1442 660 1505 Datum
684 1440 837 1516 Petimus,
861 1440 916 1505 die
941 1440 1115 1505 Domiuiea
1144 1444 1222 1504 ante
1243 1440 1363 1505 festum
1387 1440 1542 1506 Purifica-

490 1543 592 1608 tionis
615 1544 651 1609 Β.
675 1541 791 1607 Mariae
814 1542 968 1628 Virginis.

534 1645 710 1713 Iadorsed.
756 1644 899 1710 Domino
921 1667 981 1709 suo
1004 1642 1054 1709 W.
1078 1644 1119 1710 de
1143 1644 1281 1710 Merton.

797 1943 1230 1953 -Μ

936 2182 1099 2273 uxum.

557 2346 688 2410 Hsusu
712 2338 778 2403 III.
802 2353 845 2404 uo
869 2335 1056 2401 Humana
1080 2350 1127 2398 Du
1150 2335 1288 2417 Bouuu,
1313 2336 1410 2401 Esau
1433 2355 1476 2403 os

911 2437 1115 2503 Hsssuoau.

686 2593 758 2656 (Ros
770 2590 854 2641 Claus.
866 2592 897 2639 47
912 2588 977 2638 Heu.
990 2586 1048 2648 111„
1058 2587 1150 2637 memb.
1165 2592 1194 2635 13
1206 2585 1234 2635 in
1245 2588 1340 2651 dorso.)

320 2743 382 2794 seu.
394 2750 416 2803 1,
532 2722 606 2786 Rex
621 2718 801 2786 Humfrido
824 2717 864 2781 de
881 2714 1012 2791 Bohun,
1027 2711 1141 2777 comiti
1158 2711 1371 2791 Herefordiae‚
1389 2714 1537 2781 salutem.

322 2815 394 2859 ¹²⁶³·
532 2824 619 2904 Quia
650 2827 785 2910 propter
817 2814 1014 2882 instantiam
1047 2814 1206 2902 temporis
1237 2814 1537 2902 quadragesimalis,

317 2901 607 3031 {hypsetalia
628 2924 864 3011 impedimenta
886 2941 960 3005 quae
982 2917 1121 2998 habetis
1138 2939 1205 2982 nou
1227 2919 1365 3004 potestis
1380 2924 1537 3004 tanquam
1602 2973 1606 2980 .

318 3036 424 3084 ‹adei-ed
436 3041 462 3085 to
485 3028 676 3115 capitaneus
691 3026 776 3090 eirea
790 3021 961 3108 negotium
976 3019 1108 3085 Walliae
1131 3018 1289 3096 laborare,
1306 3019 1537 3108 deputavimus

317 3101 450 3217 &med
485 3131 641 3196 dilectum
672 3133 707 3193 et
737 3125 867 3190 fidelem
896 3144 956 3186 nos
960 3127 1048 3185 trum
1083 3119 1106 3184 J
1108 3120 1271 3185 ohannem
1303 3121 1343 3186 de
1376 3121 1464 3208 Grey
1494 3123 1536 3187 ad

317 3233 473 3300 osthearmy
485 3233 546 3298 hoe
567 3230 762 3309 faciendum,
786 3228 856 3293 loeo
877 3224 989 3300 vestri,
1012 3223 1063 3287 ita
1084 3222 1172 3308 quod
1202 3223 1266 3287 erit
1294 3223 1420 3289 advos
1449 3226 1537 3310 apud

28 2643 125 2694 Nx

317 3299 441 3430 ,iiiiii
485 3333 711 3399 Herefordiam
748 3330 801 3395 die
824 3329 926 3392 Lunae
960 3329 1035 3410 post
1058 3323 1324 3414 Purifieationem
1353 3326 1388 3390 Β.
1413 3326 1534 3402 Mariae,

316 3432 393 3496 ΡΜ·
484 3435 576 3502 vel
567 3457 604 3500 1n
633 3433 776 3500 erastino
805 3427 1010 3516 tempestive,
1042 3447 1111 3489 una
1139 3447 1215 3489 eum
1247 3427 1390 3511 quodam
1421 3427 1535 3494 elerico

484 3561 580 3626 quem
604 3539 683 3602 illue
704 3536 877 3600 mittemus
900 3552 975 3595 eum
997 3527 1138 3615 pecunia
1152 3526 1195 3592 ad
1211 3527 1378 3614 stipendia
1391 3529 1535 3596 militum

484 3649 519 3708 et
541 3638 755 3706 servientium
781 3633 948 3711 solvenda,
973 3631 1091 3696 dum'
1082 3652 1118 3694 m
1148 3629 1298 3717 partibus
1321 3630 1388 3695 iilis
1413 3631 1536 3698 fuerint

483 3765 542 3831 piu
564 3741 696 3830 negotio
718 3737 885 3826 praedieto,
909 3735 994 3800 sieut
1017 3732 1147 3818 praefati
1170 3731 1388 3798 Johanneset
1402 3733 1535 3799 alericus

482 3845 578 3912 vobis
607 3843 737 3930 plenius
767 3843 925 3926 poterunt
954 3835 1116 3900 iutimme.
1179 3833 1334 3899 Ceterum
1373 3836 1535 3901 mittimus

483 3948 526 4013 ad
548 3970 608 4013 vos
630 3967 688 4033 per
709 3943 849 4010 eundem
865 3940 887 4005 J
890 3938 1054 4004 ohannem
1067 3940 1200 4000 eentum
1222 3957 1357 4012 mareas,
1372 3937 1415 4002 ad
1430 3943 1536 4004 eastra

484 4049 617 4116 Ricardi
640 4044 806 4133 quondam
829 4041 959 4106 comitis
982 4037 1235 4103 Gloueestriae
1226 4060 1262 4101 1n
1292 4039 1438 4104 marchia
1459 4041 1537 4105 inde

482 4150 662 4217 munienda
699 4153 734 4213 et
765 4141 996 4218 eonservanda,
1029 4146 1063 4206 et
1098 4161 1172 4226 quae
1209 4141 1331 4206 eunt
1322 4163 1358 4206 m
1389 4143 1537 4208 custodia

482 4257 625 4421 mixte
654 4373 730 4439 rege
763 4349 851 4434 apud
874 4345 1212 4422 westmonasterium,
1235 4347 1340 4432 primo
1375 4347 1428 4412 die
1451 4344 1536 4413 Feb-

484 4458 598 4523 ruaril.
