3609 5800
435 910 687 963 ILLUSTBATIVE
710 913 755 962 01⁸¹
777 913 846 962 THE
870 911 979 963 REIGN
1003 913 1046 961 OF
1071 913 1190 964 HENRY
1214 915 1263 963 111.
1311 901 1372 966 l4l

757 1275 936 1344 DXXVII.

398 1433 529 1499 Hnuar
552 1433 618 1498 III.
642 1449 685 1498 ro
708 1449 778 1498 ran
801 1433 957 1499 Sanarrr
981 1451 1024 1499 os
1047 1435 1299 1504 Nomrueasu.

483 1547 554 1630 (laos
567 1567 651 1620 Clam.
664 1575 695 1618 41
708 1567 774 1618 llen.
787 1567 844 1632 111„
856 1585 879 1636 p.
895 1575 925 1632 l.‚
937 1571 1028 1622 memb.
1043 1576 1073 1621 18
1085 1572 1112 1620 ln
1124 1573 1219 1640 dorso.)

368 1691 442 1756 Rex
464 1689 649 1756 vicecomiti
673 1687 949 1774 Huntingdonise,
974 1692 1123 1758 salutem.
1389 1710 1455 1762 Nov.
1468 1717 1508 1774 aa,

367 1793 455 1873 Quia
477 1791 646 1880 provisum
669 1797 720 1857 est
742 1813 801 1878 per
832 1793 1005 1858 consilium
1032 1800 1225 1882 magnatum
1249 1804 1377 1864 nostro·
1391 1785 1462 1830 ¹⁹⁵⁹·

322 1917 404 1973 rum,
428 1895 518 1982 quod
540 1896 583 1960 ad
605 1893 868 1960 meliorationem
890 1900 998 1962 status
1029 1897 1133 1963 totius
1155 1900 1250 1986 regni
1272 1902 1377 1967 nostri
1389 1871 1438 1988 {j}
1439 1879 1514 2002 'jj‘jo

322 1998 549 2084 persingulas
580 1997 757 2062 comitatus
788 1996 935 2082 ejusdem
968 2001 1061 2086 regni
1092 2007 1171 2066 eant
1198 2002 1522 2086 1111111111ήί10111110Γ

321 2101 365 2164 ad
397 2101 458 2166 boc
490 2100 659 2184 assignati,
693 2099 738 2164 ad
769 2099 971 2194 audiendum
1006 2123 1118 2168 omnes
1153 2105 1302 2189 querelas
1336 2106 1376 2172 de
1389 2072 1536 2203 qqegrrqqqess

322 2203 635 2290 transgressionibus
665 2202 926 2288 quibuscumque
949 2205 1051 2281 factis,
1085 2211 1119 2270 ct
1150 2207 1192 2271 ad
1225 2209 1376 2293 quaedam
1389 2221 1471 2322 Ἡ·
1571 2249 1575 2258 ·

322 2305 389 2370 alia
420 2305 541 2392 placita
574 2304 727 2391 specialia
759 2304 925 2370 audienda
959 2312 993 2371 et
1027 2309 1245 2386 terminanda,
1268 2316 1303 2376 et
1335 2313 1377 2377 ad
1390 2288 1534 2389 cjmjj’jj

322 2407 553 2493 inquisitiones
574 2406 740 2472 iaciendas
774 2405 814 2471 dc
841 2409 1156 2493 transgressionibus
1179 2411 1282 2490 factis,
1307 2417 1375 2478 tam
1390 2407 1538 2520 {memins-

324 2532 380 2596 per
412 2509 553 2574 ballivos
585 2513 716 2573 nostros
748 2531 848 2594 quam
882 2531 941 2595 per
975 2509 1115 2576 ballivos
1153 2512 1300 2592 aliorum,
1340 2537 1377 2582 ac
1400 2489 1424 2538 5·

322 2612 424 2676 etiam
447 2611 678 2697 inquisitiones
700 2609 791 2692 alias,
815 2611 996 2677 secundum
1028 2613 1185 2680 articulos
1215 2637 1297 2701 quos
1320 2639 1378 2702 per

325 2713 497 2800 praedictos
519 2719 692 2799 magnates
716 2719 845 2779 nostros
866 2713 1033 2798 provideri
1057 2720 1090 2780 et
1113 2715 1209 2782 dictis
1227 2718 1376 2804 justicia-

322 2815 380 2878 riis
403 2814 535 2879 liberari
557 2814 693 2880 fecimus
705 2839 714 2895 ;
737 2815 803 2880 tibi
825 2815 1034 2903 prmcipimus
1058 2819 1145 2903 quod
1176 2820 1216 2884 de
1239 2821 1377 2907 singulis

323 2918 503 2983 hundredis
550 2918 727 2983 comitatus
771 2917 921 3004 praedicti
965 2920 1079 2985 venire
1124 2920 1224 2987 facias
1269 2946 1376 2991 coram

323 3020 450 3085 dilectis
484 3026 518 3085 et
549 3020 703 3085 fidelibus
739 3021 862 3085 nostris
899 3021 1046 3087 Henrico
1083 3024 1124 3089 de
1163 3026 1306 3092 Batonia
1343 3034 1375 3094 et

322 3122 487 3187 Willelmo
510 3122 551 3187 de
575 3121 744 3203 Wiltonia,
768 3144 850 3207 quos
872 3123 998 3189 adhoc
1017 3124 1220 3209 justiciarius
1250 3136 1377 3197 nostros

322 3226 359 3289 in
381 3225 541 3289 comitatu
564 3230 623 3289 tuo
645 3224 896 3310 assignavimus,
921 3226 965 3289 ad
997 3228 1084 3293 diem
1108 3234 1143 3293 et
1164 3230 1272 3295 locum
1295 3255 1377 3319 quos

323 3326 404 3391 dicti
439 3325 551 3391 fideles
582 3326 688 3392 nostri
720 3326 785 3391 tibi
816 3326 897 3392 scire
936 3327 1066 3405 facient,
1097 3330 1268 3397 duodecim
1307 3340 1376 3399 tam

323 3428 444 3511 milites
466 3450 566 3513 quam
588 3428 671 3493 alios
693 3428 814 3493 liberos
836 3434 872 3493 et
893 3428 1015 3515 legales
1037 3430 1194 3512 homines,
1216 3458 1273 3521 per
1296 3456 1376 3521 quos

323 3530 512 3616 hujusmodi
549 3530 779 3616 inquisitiones
816 3538 851 3597 et
889 3531 957 3597 alia
995 3532 1118 3599 dictam
1156 3536 1375 3623 provisionem

324 3633 554 3720 contingentia
575 3633 694 3698 melius
715 3634 787 3698 fieri
809 3634 945 3720 possint.

368 3749 413 3815 Et
435 3748 569 3813 clamari
602 3747 703 3813 facias
726 3748 761 3813 in
784 3748 925 3834 singulis
956 3748 1158 3829 civitatibus,
1189 3754 1310 3843 burgis,
1342 3763 1376 3823 et

324 3850 483 3929 mercatis,
499 3850 588 3936 quod
610 3850 795 3935 omnesqui
817 3852 973 3936 conqueri
996 3853 1163 3920 voluerint
1181 3856 1221 3921 de
1245 3859 1376 3943 quibus-

323 3975 461 4039 cumque
483 3952 798 4039 transgressionibus
832 3952 897 4017 sibi
932 3952 1035 4035 factis,
1067 3978 1087 4020 a
1116 3962 1243 4045 septem
1279 3961 1375 4025 annis

323 4056 440 4143 elapsis
455 4062 490 4122 et
504 4054 598 4135 citra,
615 4076 687 4141 quae
711 4076 820 4121 coram
830 4055 1025 4141 justiciariis
1040 4060 1131 4145 prius
1154 4081 1221 4125 non
1239 4062 1375 4128 fuerunt

322 4159 519 4237 terminales,
542 4158 689 4244 exceptis
709 4158 839 4243 placitis
862 4158 902 4224 de
926 4160 1024 4225 terris
1043 4165 1077 4225 et
1101 4166 1306 4241 tenementis,
1321 4166 1375 4231 vel

323 4262 396 4327 aliis
426 4284 501 4347 quae
531 4262 602 4325 sine
624 4260 719 4327 brevi
741 4282 809 4326 non
839 4262 969 4349 possint
999 4263 1178 4341 terminari,
1204 4270 1285 4332 tunc
1308 4270 1376 4334 sint

322 4365 371 4431 ibi
401 4366 445 4429 ad
468 4363 644 4451 praedictas
666 4364 814 4449 querelas
839 4385 916 4429 suas
947 4362 1045 4431 dictis
1074 4364 1226 4434 fidelibus
1256 4373 1376 4438 nostris

323 4466 551 4533 ostendendas.

369 4570 415 4635 m
446 4568 600 4662 similiter
638 4569 771 4634 clamari
809 4569 909 4633 facias
945 4572 1032 4655 quod
1065 4594 1184 4650 omnes,
1215 4576 1273 4661 qui
1303 4584 1377 4664 post

324 4672 479 4737 ultimum
510 4670 763 4758 parliamentum
790 4677 941 4737 nostrum
966 4672 1106 4739 Oxoniae
1130 4676 1255 4761 aliquid
1280 4680 1376 4743 dede-

324 4775 392 4841 rint
414 4775 674 4866 quibuscumque
688 4773 821 4839 ballivis
844 4776 965 4840 nostris
981 4774 1042 4841 'vel
1066 4777 1149 4855 aliis,
1164 4800 1224 4869 pro
1245 4780 1377 4869 justitia
