3609 5800
480 881 545 945 324
628 895 744 944 norun
767 895 839 944 nnn
862 895 979 944 ornus
999 856 1210 944 'nrsronrcnu
1232 893 1381 944 sumnus

479 1089 553 1135 curn
586 1067 667 1135 vino
700 1075 735 1136 et
764 1069 863 1136 blado
895 1077 930 1136 et
964 1069 1030 1136 ulia
1060 1070 1179 1158 rapina
1207 1068 1332 1136 ibidem
1358 1066 1423 1132 sibi
1444 1066 1532 1130 iacta

478 1171 613 1238 fuerunt
650 1169 833 1240 aestimatu¹
873 1173 1030 1238 trecentis
1066 1177 1101 1238 et
1137 1171 1380 1259 quinquaginta
1416 1167 1534 1234 mamis

479 1274 712 1361 sterlingorum
743 1297 802 1362 per
835 1281 1039 1354 mercatores,
1072 1274 1159 1342 sicut
1286 1273 1412 1340 curiam
1445 1271 1533 1336 idem

479 1376 623 1442 concivis
645 1381 758 1443 noster
780 1377 868 1443 dixit
890 1382 925 1443 et
949 1376 1090 1443 asseruit
1111 1399 1221 1444 coram
1241 1376 1345 1443 nobis

525 1477 625 1543 Unde
648 1500 708 1547 nos
729 1483 898 1566 sperantes
920 1478 1179 1545 dominationem
1200 1482 1346 1547 vestram
1368 1478 1406 1542 in
1436 1495 1535 1562 nego

480 1579 538 1646 tiis
561 1581 683 1651 nostris
705 1585 739 1646 ct
761 1587 949 1648 nostrorum
970 1603 1040 1646 esse
1054 1581 1269 1648 favorabilem
1291 1586 1326 1646 et
1347 1578 1535 1665 benignam,

480 1683 587 1770 ipsam
602 1682 861 1760 dominationem
891 1690 992 1770 atque
1025 1683 1231 1750 celsitudinis
1253 1687 1374 1750 vestrae
1397 1680 1537 1746 clemen-

480 1785 563 1851 tiam
586 1807 628 1850 ex
649 1785 761 1851 intimi
783 1786 890 1852 cordis
912 1786 1086 1853 allectione
1108 1786 1265 1852 duximus
1290 1782 1536 1872 deprecandam,

482 1893 646 1972 quatenus
678 1887 785 1954 eidem
807 1887 950 1968 Thomas,
983 1911 1081 1976 quem
1107 1895 1255 1955 vestrum
1289 1890 1325 1954 et
1346 1891 1537 1974 promptum

482 2011 542 2077 pro
576 1990 701 2056 viribus
732 1990 768 2056 in
801 1996 927 2058 vestrae·
952 1991 1160 2079 beneplacito
1189 1990 1377 2057 voluntatis
1398 1987 1536 2075 potastis

482 2092 630 2158 totaliter
651 2097 815 2179 reputare,
830 2116 928 2180 super
948 2092 1001 2160 his
1022 2094 1060 2159 in
1082 2094 1202 2180 quibus
1223 2114 1283 2159 vos
1303 2090 1536 2178 requirendum

483 2194 624 2274 duxerit,
647 2195 824 2260 secundum
857 2195 967 2261 Deum
990 2201 1024 2262 et
1050 2196 1220 2282 justitiam
1245 2191 1438 2283 praestatis³
1460 2213 1538 2258 con-

482 2295 603 2374 silium,
618 2295 789 2375 auxilium,
806 2303 840 2362 et
855 2296 1012 2378 favorem,
1035 2296 1149 2362 taliter
1171 2319 1269 2384 super
1290 2295 1351 2374 his,
1367 2295 1396 2360 si
1417 2300 1538 2359 vestrae

483 2398 701 2464 dominationi
730 2399 899 2486 placuerit,
923 2421 983 2465 vos
1012 2399 1180 2479 habentes,
1211 2405 1252 2464 ut
1277 2421 1386 2486 preces
1408 2402 1539 2462 nostras

483 2500 546 2564 sibi
569 2501 651 2566 sciat
673 2500 865 2582 fructuosas,
881 2507 917 2568 et
938 2502 1028 2588 quod
1049 2502 1160 2589 ipsum
1177 2501 1313 2588 justitia
1326 2496 1539 2566 nullatenus³

485 2624 551 2667 non
588 2607 701 2690 pareat
738 2624 847 2668 corum
868 2593 974 2670 'vobis
986 2629 994 2684 ;
1025 2603 1184 2690 quicquid
1216 2603 1305 2669 enim
1338 2603 1472 2668 honoris
1504 2605 1539 2665 et

485 2703 561 2770 boni
599 2705 687 2771 dicto
721 2706 849 2771 concivi
882 2712 996 2772 nostro
1028 2706 1172 2771 feceritis
1194 2705 1290 2772 nobis
1311 2704 1539 2792 reputabimus

485 2827 554 2872 esse
576 2805 709 2872 iactum.
756 2807 802 2873 Et
824 2807 853 2874 si
876 2809 989 2894 aliqua
1009 2808 1105 2874 vobis
1127 2808 1289 2894 placuerit
1310 2829 1370 2895 per
1390 2828 1451 2872 nos
1466 2827 1540 2892 pos-

485 2908 595 2974 sibilia
625 2908 774 2997 expediri
806 2932 881 2977 cum
912 2910 1085 2977 obtinendi
1118 2910 1242 2977 fiducia
1277 2910 1414 2975 mandet
1444 2909 1540 2974 nobis

488 3015 597 3076 vestra
632 3010 815 3079 dominatio
847 3012 1043 3079 veneranda
1090 3013 1206 3079 Salvet
1244 3012 1407 3079 Dominus
1440 3011 1539 3077 Jesus

488 3113 638 3180 Christus
683 3119 717 3179 et
762 3136 819 3201 per
855 3114 955 3202 longa
991 3122 1140 3203 tempora
1177 3116 1213 3179 in
1250 3114 1468 3203 prosperitate
1505 3119 1540 3178 et

488 3214 607 3280 honore
629 3220 664 3281 et
686 3216 806 3302 gaudio
829 3238 889 3282 vos
911 3224 1090 3283 conservet.

531 3317 658 3383 Datum
692 3315 841 3385 Tholosae
871 3318 909 3383 in
942 3318 1067 3385 octabis
1101 3318 1133 3385 S.
1166 3318 1190 3384 J
1192 3317 1331 3384 ohannis
1369 3317 1540 3405 Baptistae,

487 3442 573 3486 anno
589 3418 725 3485 Domini
745 3420 919 3487 millesimo
942 3419 1166 3487 ducentesimo
1189 3420 1392 3508 sexagesimo
1414 3424 1539 3486 octavu

510 3622 585 3629 ....—-
603 3622 896 3629 ..-.--r.----..-.....-.--
909 3622 949 3628 -.-
961 3623 968 3627 .
981 3622 1106 3629 ..-........ο
1128 3623 1167 3629 --..
1183 3623 1198 3629 ,ι
1223 3622 1304 3629 ο---
1319 3623 1329 3629 -
1351 3622 1407 3629 0-..-
1420 3622 1487 3628 -.......

520 3748 527 3778 ¹
546 3746 679 3813 estimato]
698 3747 826 3807 extimata,
837 3748 894 3799 MS.
1039 3748 1197 3813 Apparently
1208 3749 1279 3799 there
1290 3749 1312 3798 is
1322 3765 1338 3799 a
1349 3750 1418 3799 word
1430 3750 1543 3816 wanaug

519 3828 529 3855 ²
543 3826 683 3893 praelatis]
703 3826 738 3877 So
749 3826 806 3876 MS.
1040 3827 1067 3877 in
1079 3827 1123 3878 the
1134 3828 1217 3879 clause
1230 3848 1237 3887 ς
1254 3826 1362 3892 perhaps
1373 3829 1513 3892 requirente.

520 3902 694 3970 'auditricem
725 3904 847 3956 Doubtsul
875 3906 903 3955 iu
931 3904 989 3955 MS.
