3609 5800
456 843 521 908 390
859 857 1040 906 saannmx
1063 859 1099 908 11.

285 1035 394 1081 Grmtor
491 1027 597 1086 Sciatis
622 1048 676 1088 nos
701 1032 816 1089 dedisse
843 1038 873 1088 et
897 1033 1077 1090 concessisse
1103 1039 1134 1091 et
1157 1053 1211 1108 per
1237 1040 1349 1092 cartam
1376 1040 1509 1096 nostum

284 1087 390 1232 {ffl'
398 1088 424 1132 ω
454 1113 641 1170 confirmasse
659 1114 768 1172 dilecto
785 1117 870 1173 nobis
889 1116 1034 1174 Eduardo
1052 1118 1249 1191 primogenito
1266 1119 1330 1175 filio
1354 1127 1456 1178 nostro
1479 1124 1510 1176 et

305 1188 391 1233 umd.
453 1197 565 1264 heredi,
586 1203 616 1254 et
632 1199 791 1256 heredibus
810 1201 872 1258 suis
890 1202 922 1256 in
948 1208 1123 1274 perpetuum
1140 1208 1234 1260 totam
1251 1209 1361 1260 terram
1378 1211 1511 1261 nostram

454 1281 617 1347 Vaseoniae,
639 1301 705 1338 cum
732 1285 830 1340 insula
857 1285 991 1342 Oleronis
1016 1292 1047 1343 et
1071 1287 1207 1343 omnibus
1232 1288 1299 1344 aliis
1324 1289 1511 1360 pertinentiis

455 1368 527 1430 suis,
548 1367 610 1421 sine
628 1368 689 1423 ullo
707 1373 915 1436 retenemento,
935 1371 1018 1426 salva
1034 1371 1119 1428 nobis
1136 1372 1262 1443 ligantia
1278 1372 1412 1442 ejusdem
1423 1378 1511 1428 terrie

455 1449 608 1506 Vaseoniae
634 1457 665 1506 et
688 1452 837 1522 praedictae
860 1453 966 1509 insulae
991 1453 1125 1510 Oleronis
1150 1460 1213 1511 tota
1238 1455 1301 1512 vita
1327 1459 1442 1521 nostua3
1469 1457 1512 1512 ita

457 1535 534 1606 quod
560 1552 617 1589 non
643 1535 732 1590 liceat
756 1537 852 1592 eidem
876 1535 1022 1594 Eduardo
1048 1557 1102 1594 nec
1126 1538 1284 1594 heredibus
1311 1540 1373 1595 suis
1399 1539 1510 1594 dictam

455 1623 564 1673 terram
587 1617 742 1675 Vasconiae
768 1625 799 1676 ot
815 1619 942 1676 insulam
969 1621 1103 1677 Olaronis
1122 1621 1325 1694 aliquomodo
1344 1622 1511 1678 alienares

456 1720 561 1757 corona
578 1707 678 1758 nostra
694 1703 829 1774 Angliae3
862 1705 952 1760 immo
976 1723 1095 1778 semper
1112 1705 1249 1761 volumus
1268 1706 1346 1777 qnod
1365 1707 1425 1761 sint
1444 1723 1510 1762 oon·

453 1787 562 1857 junotae
580 1787 727 1859 praedictae
740 1805 862 1843 coronae.
900 1789 941 1844 Et
952 1790 1018 1844 ideo
1030 1791 1113 1846 vobis
1131 1791 1303 1847 mandamus
1316 1791 1394 1862 quod
1413 1791 1509 1846 eidem

456 1870 599 1925 Eduardo
617 1877 757 1942 tanquam
783 1871 900 1927 domino
925 1879 1025 1929 vestm
1050 1875 1115 1930 sitis
1139 1875 1324 1931 intendentes
1343 1882 1374 1931 et
1390 1893 1509 1947 rospon-

457 1955 568 2018 dentes,
601 1953 683 2009 salva
709 1956 793 2012 nobis
820 1957 946 2028 ligantia
971 1958 1121 2030 praedicta,
1151 1959 1229 2014 sicut
1254 1959 1427 2031 pradictum
1452 1967 1506 2015 est.

457 2038 543 2092 Teste
565 2056 635 2110 rega
654 2039 733 2110 apud
750 2040 1054 2106 westmonasterium,
1074 2042 1137 2098 viii.
1155 2043 1208 2106 die¹
1223 2042 1316 2109 Junii,
1336 2060 1412 2098 anno
1423 2043 1508 2114 regni

456 2121 598 2177 vicesimo
615 2129 705 2178 sexto.
744 2123 803 2177 Por
821 2141 924 2195 regem
942 2131 973 2180 et
991 2125 1020 2180 J.
1041 2124 1187 2182 Maunsel,

493 2204 604 2261 Eodem
630 2206 715 2262 modo
743 2207 848 2278 majori
877 2213 909 2262 et
932 2209 1133 2265 communitati
1152 2209 1348 2281 Burdogalioe.
1398 2209 1509 2265 Eodem

458 2289 543 2344 modo
555 2289 723 2346 mandatum
742 2296 787 2346 est
804 2291 955 2347 Amenevo
972 2293 1008 2347 de
1026 2293 1176 2350 Lebreto.·
1197 2293 1308 2349 Eodem
1326 2294 1412 2349 modo
1429 2311 1510 2348 man·

457 2373 559 2430 datum
578 2381 623 2430 est
640 2375 790 2430 Bernardo
818 2375 855 2430 de
872 2377 962 2432 Bonis
980 2376 1069 2432 Villa.
1106 2377 1218 2433 Eodem
1235 2377 1322 2433 modo
1339 2378 1510 2433 mandatum

458 2465 503 2514 est
520 2459 647 2515 Emaldo
666 2459 702 2514 de
714 2460 901 2516 Blankeiord.
940 2460 1051 2516 Eodem
1063 2462 1150 2517 modo
1166 2461 1335 2518 mandatnm
1347 2467 1393 2517 est
1404 2461 1510 2532 majori

458 2549 488 2599 et
517 2545 720 2600 communitati
748 2544 949 2616 Aquensibus.
1004 2545 1117 2601 Eodem
1147 2547 1234 2601 modo
1265 2547 1436 2602 mandatum
1464 2551 1511 2601 est

457 2628 621 2684 Roimundo
641 2628 793 2684 Guillelmi
805 2629 972 2684 vicecomiti
985 2628 1021 2684 de
1035 2629 1132 2684 Seula.
1171 2629 1283 2684 Eodem
1294 2628 1380 2686 modo
1392 2629 1510 2684 manda·

456 2718 520 2767 tum
539 2717 584 2768 ast
601 2713 706 2784 majori
725 2719 755 2768 et
773 2713 975 2769 communitati
996 2713 1025 2768 S.
1046 2713 1158 2768 Severi.
1197 2713 1308 2769 Eodem
1325 2712 1411 2769 modo
1428 2731 1509 2768 man-

456 2795 557 2851 datum
576 2801 621 2852 est
638 2797 743 2868 majori
762 2802 791 2851 et
809 2798 1010 2852 communitati
1028 2797 1249 2869 Bajonensibus.
1292 2797 1404 2853 Eodem
1421 2797 1507 2852 modo

456 2880 606 2937 madatum
637 2886 683 2937 est
717 2880 838 2937 Gasioni
866 2881 1034 2938 vicecomiti
1060 2881 1095 2937 de
1121 2881 1227 2936 Bearn.
1279 2880 1391 2937 Eodem
1421 2880 1507 2937 modo

456 2966 624 3021 mandatnm
651 2970 696 3022 est
725 2966 814 3022 Petro
842 2966 1011 3021 vicecomiti
1040 2967 1222 3021 Tartanensi.
1279 2966 1392 3022 nodam
1421 2966 1507 3021 modo

457 3049 626 3104 mandatum
645 3055 690 3104 est
707 3050 812 3120 majori
831 3055 862 3105 et
873 3049 1076 3105 communitati
1088 3049 1123 3104 de
1136 3048 1261 3121 Regula.
1299 3049 1507 3105 Eodemmodo

458 3130 591 3186 Galfrido
610 3132 719 3186 Ridelli
738 3132 854 3187 domino
873 3132 994 3189 Blaviae.
1042 3132 1154 3188 Eodem
1172 3133 1258 3188 modo
1275 3133 1444 3189 mandatum
1462 3140 1507 3188 est

457 3214 586 3270 Axancio
605 3215 640 3270 de
660 3215 738 3271 Oavo
756 3215 855 3270 Monte
873 3222 903 3271 et
921 3216 1074 3288 parciariis
1087 3217 1157 3273 suis.
1195 3217 1307 3273 Eodem
1323 3216 1409 3273 modo
1427 3235 1507 3271 man·

458 3298 557 3354 dotum
571 3305 617 3354 est
627 3299 732 3369 majori
744 3304 773 3353 et
785 3299 986 3355 communitati
998 3300 1218 3356 Vasatcnsibus.
1254 3301 1341 3357 'Peste
1353 3306 1495 3372 utsupra.

923 3406 982 3465 No.
996 3409 1046 3465 23.

658 3520 728 3583 (Rot
742 3520 824 3571 Claus.
837 3526 869 3571 36
881 3520 949 3571 Heu.
961 3521 1020 3585 11L,
1030 3523 1121 3572 memb.
1136 3527 1166 3572 15
1178 3522 1206 3571 in
1217 3523 1312 3585 dorso.)

289 3618 445 3669 scnemata.
494 3608 568 3677 Quia
594 3627 630 3664 ex
660 3610 841 3681 querimonia
865 3628 1029 3682 pauperum
1053 3612 1204 3666 hominnm
1228 3612 1309 3683 regis
1333 3611 1370 3666 de
1387 3612 1507 3667 Marsak

288 3682 447 3777 ginebnfflrm
457 3708 509 3747 res
526 3692 670 3747 intellexit
689 3692 766 3763 quod
783 3710 880 3747 comes
893 3693 1061 3749 Leicestriae
1074 3694 1202 3750 indebite
1212 3696 1350 3751 molestat
1362 3702 1393 3751 et
1404 3703 1510 3769 gravat

289 3784 385 3830 Marsae.
457 3776 583 3839 cosdem,
602 3794 653 3829 rex
671 3776 821 3831 mandavit
839 3776 1058 3849 archiepiscopo
1070 3778 1285 3850 Burdegalensi
1302 3786 1337 3835 ut
1354 3799 1442 3855 super
1459 3782 1506 3837 his

456 3861 628 3931 diligentem
656 3861 745 3916 saciat
769 3861 1009 3932 inquisitionem
1045 3868 1075 3917 et
1107 3863 1297 3919 nihilominus
1320 3882 1373 3919 rex
1390 3866 1508 3921 mandat

456 3944 579 4017 praefato
597 3944 697 3999 comiti
715 3944 762 3999 vol
781 3944 844 4015 ejus
863 3945 961 3999 locum
972 3946 1083 4001 tenenti
1096 3945 1128 4001 in
1145 3947 1300 4003 Wasconia
1317 3948 1395 4020 quod
1413 3950 1449 4003 de
1461 3968 1507 4004 cc·

457 4036 520 4085 tero
538 4048 557 4084 a
573 4028 681 4084 talibus
694 4029 914 4100 gravaminibus
927 4035 1031 4094 cesset,
1043 4036 1235 4087 manutenens
1249 4032 1366 4087 eosdem
1383 4034 1416 4088 in
1433 4035 1505 4090 foris

459 4120 489 4170 ot
506 4113 764 4169 consuetudinibus
790 4114 852 4169 suis
877 4114 1015 4185 antiquis,
1035 4113 1067 4169 in
1091 4115 1198 4186 quibus
1217 4117 1361 4187 inprime
1379 4118 1505 4175 adventu

459 4217 512 4253 suo
529 4198 561 4252 in
580 4197 736 4253 Wusoonia
753 4198 800 4251 usi
818 4198 945 4252 luerunt.
990 4198 1078 4253 Teste
1095 4216 1167 4269 rega
1186 4200 1263 4271 apud
1279 4200 1506 4258 westmonaste-

458 4283 545 4347 rium,
564 4298 640 4337 nono
658 4278 704 4335 die
723 4281 816 4336 Junii.

495 4368 534 4422 Et
551 4366 718 4421 mandatum
731 4371 776 4421 est
787 4365 1006 4437 archiepiscopo
1018 4366 1233 4437 Burdogalensi
1245 4367 1323 4438 qnod
1335 4387 1423 4439 super
1434 4388 1508 4442 praa·

460 4452 559 4507 missis
571 4449 792 4520 inquisitionem
809 4448 907 4513 iaciat,
928 4454 958 4504 et
976 4449 1117 4521 quicquid
1134 4451 1165 4505 in
1182 4450 1320 4507 damnum
1339 4452 1386 4507 vel
1404 4454 1507 4510 moles·

460 4536 533 4593 tiam
562 4532 768 4606 predictorum
802 4550 965 4605 pauperum
1001 4539 1103 4588 contra
1126 4534 1274 4605 justitiam
1304 4540 1509 4607 attemptatum

461 4619 614 4682 invenerit,
636 4618 710 4672 scire
729 4616 817 4671 faciat
842 4616 943 4671 comiti
954 4614 1123 4672 Leiceslnias
1140 4618 1185 4672 vel
1206 4617 1270 4687 ejus
1286 4616 1383 4673 locum
1402 4622 1513 4677 tenenti

461 4706 493 4759 in
504 4703 668 4767 Wasoonia,
683 4702 837 4773 injimgens
851 4700 962 4755 eisdem
975 4701 1053 4772 quod
1066 4702 1096 4755 id
1109 4701 1256 4757 emendari
1271 4702 1387 4757 faciant.
1421 4704 1508 4762 'l'oste

463 4795 496 4843 ut
514 4806 611 4858 supra.
