3609 5800
439 900 686 956 1ssosssss1vs
708 904 753 953 os
776 902 846 953 ons
869 904 977 953 solos
1001 904 1044 954 os
1068 904 1188 955 sossi
1211 904 1260 955 111.
1314 886 1378 957 203

754 1278 945 1346 DLXVIII.

602 1434 711 1501 Loo1s
733 1433 792 1501 1&
815 1451 858 1499 so
881 1433 1012 1499 Hssss
1034 1434 1095 1500 III.

673 1581 887 1647 (soom,
900 1581 948 1632 No.
965 1582 1033 1645 106.)

369 1706 565 1786 Ludovious,
590 1707 654 1773 Dei
684 1708 793 1794 graiis
823 1704 972 1773 Fronoiae
1006 1728 1075 1785 rex,
1099 1708 1265 1775 carissimo
1304 1730 1378 1775 oon·
1391 1726 1449 1776 san.
1463 1731 1543 1789 soro,

325 1810 503 1898 sanguineo
540 1831 600 1875 suo
638 1808 792 1889 Honrioo,
831 1810 945 1875 eodem
990 1812 1099 1897 gratio
1135 1812 1205 1898 regi
1248 1812 1378 1899 Angliae
1397 1796 1476 1843 ¹²⁶²*

324 1912 455 1990 illustri,
488 1912 621 1977 domino
652 1912 832 1990 Hibomiae,
868 1918 904 1978 ol
932 1914 1008 1977 duci
1031 1912 1253 1999 Aquilonniae,
1288 1916 1378 1981 fideli

325 2038 393 2095 suo,
415 2016 556 2080 salutem
579 2020 614 2080 ei
635 2015 770 2081 sinceros
793 2014 978 2081 dilectionis
1000 2015 1096 2081 offeol
1083 2022 1161 2081 lum.

368 2118 522 2205 Rogoslis
537 2139 597 2183 nos
611 2137 670 2204 por
685 2170 1088 2185 ..............
1105 2140 1181 2207 ergo
1190 2120 1213 2185 J
1215 2122 1377 2186 ohannem
1391 2128 1431 2178 No
1445 2145 1537 2196 money

325 2220 366 2285 de
389 2218 464 2285 Bril
450 2218 588 2297 llonnio„
612 2220 670 2305 qui
693 2223 838 2284 vestram
860 2220 960 2285 duxil
986 2220 1120 2285 filiom'
1111 2244 1146 2285 1n
1169 2244 1313 2301 uxorem,
1338 2204 1519 2313 deslelnletlo

325 2322 414 2387 mille
439 2322 556 2387 motois
579 2344 638 2387 vos
661 2372 1032 2388 .............
1055 2323 1260 2389 revellemus
1283 2347 1379 2413 super
1390 2344 1441 2393 you
1452 2344 1485 2379 0n

326 2425 484 2504 denarios,
517 2444 598 2511 quos
631 2446 691 2511 pro
713 2424 824 2489 valore
849 2431 948 2490 terrae
971 2425 1152 2511 Agonensis
1173 2426 1269 2493 vobis
1296 2450 1379 2493 osse-
1391 2404 1497 2513 ffint

325 2526 399 2591 ritis
435 2547 495 2592 nos
534 2526 658 2591 debore.
719 2526 841 2591 Verum
886 2548 960 2591 oum
1006 2548 1104 2615 super
1148 2529 1208 2594 hoo
1253 2530 1321 2596 diol
1306 2534 1378 2596 lum
1393 2530 1512 2593 Ageuois.

327 2628 521 2706 Johonnem,
543 2630 585 2693 od
608 2634 752 2693 vestram
774 2629 1028 2715 requisitionem,
1048 2630 1271 2697 in'hominom
1293 2656 1378 2699 roos-

326 2732 442 2818 pimus,
465 2752 533 2797 non
555 2732 688 2797 videtur
710 2732 789 2817 quio
810 2732 905 2797 vobis
927 2731 1153 2818 principalilor
1179 2735 1222 2799 od
1244 2736 1379 2801 solutio·

327 2856 402 2900 nem
431 2835 529 2901 diolae
550 2835 698 2921 pecuniae
727 2840 906 2901 teneamur.
953 2834 1053 2900 Unde
1074 2836 1178 2918 nobis,
1202 2837 1230 2904 si
1264 2839 1379 2924 ploool,

327 2959 385 3024 per
406 2943 533 3003 vostros
562 2942 714 3025 polentes
745 2937 857 3002 literas
879 2938 1060 3017 doolorelis,
1083 2941 1163 3025 quid
1195 2940 1299 3006 foosro
1321 2963 1380 3008 nos

328 3038 499 3105 volueritis
536 3039 576 3106 do
609 3039 793 3126 praemissis„
848 3039 951 3105 Vobis
981 3041 1121 3126 quidem,
1157 3043 1209 3107 vel
1243 3043 1309 3124 olii,
1340 3045 1380 3110 de

327 3142 416 3207 dioto
438 3143 548 3207 valore
570 3147 667 3207 lorrae
688 3143 872 3228 Agonensis
905 3145 1010 3208 teneri
1033 3165 1098 3210 non
1122 3144 1290 3222 oredimus,
1316 3146 1381 3213 nisi

328 3245 507 3310 secundum
529 3244 665 3310 sormam
688 3245 777 3331 pacis
807 3246 977 3311 internos
1008 3297 1379 3314 .............

328 3346 516 3413 terminos
506 3369 543 3412 m
565 3347 678 3412 eodem
708 3367 786 3434 pooe
809 3353 989 3427 contentos,
1013 3371 1150 3435 quorum
1176 3351 1302 3438 primus
1331 3353 1380 3418 in-

328 3449 459 3538 oipiol
449 3467 486 3514 m
508 3449 631 3516 Asoons
653 3503 1242 3520 ....................
1266 3456 1301 3519 ti.

374 3553 498 3618 Dolum
527 3554 617 3639 opud
640 3552 887 3641 (impendium,
913 3553 966 3620 dio
989 3554 1101 3634 Lunae,
1132 3607 1379 3624 .........

329 3655 530 3743 Epiphanius.

363 4002 370 4031 ¹
389 4001 436 4053 see
455 4001 498 4053 the
516 4003 590 4053 letter
605 4009 632 4053 to
644 4001 728 4053 which
739 4003 790 4054 thls
807 4004 829 4053 is
880 4009 954 4069 grant
973 4005 1003 4054 of
1021 4005 1064 4056 tho
1085 4002 1200 4071 Agonois
1222 4010 1248 4057 to
1264 4005 1334 4058 John
1355 4012 1385 4060 of

330 4094 362 4131 an
374 4081 509 4133 ansverin
520 4082 624 4148 Rymer,
635 4081 652 4132 i.
664 4093 688 4146 p.
701 4087 758 4132 413.
787 4082 829 4134 On
879 4083 1012 4150 Britanny.
1048 4085 1077 4134 In
1099 4085 1163 4150 July
1194 4089 1256 4136 1268
1285 4087 1305 4136 it
1328 4103 1379 4139 oss

328 4161 372 4211 the
387 4176 455 4212 samo
472 4175 537 4228 pago
554 4161 576 4212 is
594 4165 620 4212 lo
638 4161 668 4213 be
685 4163 765 4212 found
786 4163 829 4214 the
878 4165 990 4216 restored
1001 4171 1026 4215 to
1038 4165 1079 4216 the
1090 4165 1197 4230 English
1208 4179 1300 4216 orown.
