3609 5800
425 806 445 868 2
580 816 790 867 1101111111
813 816 932 865 crura
955 813 1163 864 ursrosresn
1185 814 1332 863 narrans

258 1008 392 1059 venuesof
424 990 579 1055 villarum
601 994 795 1068 vestrarum,
818 989 963 1056 consiliis
993 990 1189 1070 adunasset;
1223 989 1342 1055 Petrus
1365 986 1481 1053 Callau

255 1076 299 1126 ¹¹¹⁹
309 1076 370 1142 city.
424 1091 530 1177 major
552 1093 805 1179 Burdegalensis
827 1096 862 1158 et
884 1092 956 1177 ejus
978 1091 1125 1157 fautores
1147 1090 1205 1177 qui
1227 1090 1351 1157 ibidem
1374 1112 1484 1156 secum

425 1202 584 1260 venerant
621 1194 709 1259 dixit
756 1195 845 1281 quod
882 1194 1042 1280 quosdam
1080 1192 1215 1258 faiditos
1254 1193 1377 1271 Reulae,
1415 1191 1483 1257 suis

426 1295 553 1362 meritis
586 1296 798 1383 exigentibus
836 1296 957 1382 ejectos
991 1300 1026 1361 et
1064 1301 1198 1382 propter
1232 1295 1363 1382 eulpam
1387 1316 1486 1359 suam

425 1420 526 1486 quam
557 1399 765 1485 patrarantj
832 1397 844 1435 ¹
869 1398 1037 1477 abaviae,
1060 1401 1175 1463 contra
1208 1396 1390 1463 dominium
1412 1418 1484 1461 ves-

426 1508 525 1580 trum,
541 1500 656 1567 villam
671 1505 817 1568 vestram
834 1499 948 1567 Reulae
971 1499 1113 1565 inimicis
1128 1500 1247 1565 vestris
1262 1498 1484 1573 reddiderant,
1614 1586 1617 1591 Ι

427 1604 496 1691 ipse
517 1603 712 1669 senescallus
734 1603 809 1669 illos
824 1603 860 1667 in
875 1602 989 1668 villam
1012 1608 1228 1667 memoratam
1250 1600 1484 1680 introduceret,

427 1711 463 1771 et
485 1704 617 1785 rediret,
641 1710 677 1771 et
708 1706 755 1771 eis
777 1710 882 1771 terras
905 1727 980 1769 suas
1003 1709 1038 1770 et
1059 1703 1171 1769 omnia
1192 1704 1280 1769 bona
1301 1725 1361 1769 sua
1390 1701 1485 1767 resti-

427 1812 543 1873 tueret.
578 1806 645 1887 Qui
660 1807 707 1871 eis
729 1807 898 1893 respondit
925 1806 1057 1872 taliter:
1084 1806 1173 1893 quod
1196 1806 1257 1870 hoe
1275 1805 1367 1871 nullo
1387 1804 1485 1870 modo

427 1910 531 1976 facere
553 1917 672 1996 posset,
693 1910 759 1975 nisi
783 1915 882 1975 antea
914 1912 1096 1975 tractatum
1130 1907 1301 1973 vobiscum
1338 1912 1373 1973 et
1410 1928 1484 1971 cum

428 2012 537 2099 probis
559 2011 749 2077 hominibus
771 2012 885 2077 Reulse
905 2011 1081 2077 habuisset.
1145 2010 1210 2090 Qui
1241 2008 1417 2095 indignati,
1450 2014 1483 2074 et

428 2116 625 2180 mandatum
653 2121 802 2180 vestrum
832 2118 868 2179 et
890 2118 1042 2200 treugam
1065 2112 1199 2201 penitus
1229 2116 1485 2192 contemnentes,

428 2218 465 2282 in
487 2218 613 2283 dictum
635 2216 851 2283 senescallum
873 2222 1022 2283 vestrum
1046 2216 1209 2281 malitiose
1224 2216 1485 2292 insurrexerrmt,

431 2321 508 2406 quia
522 2320 646 2385 vellent
661 2319 942 2406 tranquillitatem
957 2320 1075 2405 patriae
1090 2324 1124 2384 et
1146 2340 1260 2405 pacem
1275 2316 1466 2404 perturbare
1479 2343 1486 2398 ;

430 2424 537 2488 multa
567 2422 722 2503 convicia,
745 2422 849 2487 verba
870 2422 996 2509 turpia,
1019 2421 1102 2487 vilia
1134 2426 1169 2486 et
1199 2422 1346 2486 enormia
1376 2442 1486 2486 coram

363 2602 366 2607 Ι
431 2525 594 2606 omnibus,
618 2529 654 2589 et
675 2524 851 2611 opprobrie
882 2524 990 2589 multe
1021 2524 1052 2589 ei
1086 2526 1292 2605 intulerunt;
1329 2528 1380 2602 et,
1398 2523 1486 2611 quod

431 2627 524 2714 pejus
545 2631 605 2706 est,
628 2632 734 2693 morte
758 2627 900 2713 corporis
923 2627 975 2691 sui
999 2626 1029 2691 ei
1052 2626 1172 2691 minati
1195 2626 1332 2691 fuerunt
1344 2652 1352 2707 ;
1384 2631 1419 2691 et
1449 2625 1486 2689 in

432 2730 585 2809 crastino,
620 2750 694 2794 cum
727 2730 896 2793 venissent
930 2727 1019 2815 apud
1051 2728 1295 2813 Burdegaliam,
1317 2727 1486 2793 castellum

433 2834 582 2896 vestrum
598 2829 806 2917 Burdogaliae
829 2833 865 2894 st
888 2850 1000 2896 omnes
1014 2830 1165 2895 redditus
1180 2835 1307 2895 vestros
1329 2829 1365 2895 in
1388 2852 1490 2895 manu

433 2956 494 2999 sue
516 2937 726 3020 occuparunt,
750 2933 932 2997 servientes
955 2939 989 2998 et
1013 2932 1141 3018 bajulos
1163 2938 1290 2998 vestros
1313 2933 1488 3018 ejecerunt,

434 3057 546 3102 omnes
568 3058 621 3100 res
643 3039 771 3101 vestras
792 3034 926 3115 ibidem,
951 3040 986 3101 et
1015 3035 1097 3100 dicti
1127 3035 1294 3102 senescalli
1316 3037 1427 3116 vestri,
1452 3037 1488 3101 in

435 3160 537 3204 manu
567 3160 628 3203 sua
651 3141 858 3224 occuparunt,
883 3142 917 3203 et
951 3135 1016 3202 sibi
1047 3137 1180 3224 penitus
1213 3137 1431 3217 retinuerunt,
1454 3143 1489 3204 et

435 3240 531 3306 nobis
562 3263 621 3327 per
658 3239 772 3305 literas
805 3261 882 3304 suas
914 3239 1004 3327 apud
1027 3237 1183 3306 Sanctam
1207 3239 1362 3306 Basiliam
1397 3263 1489 3307 man-

435 3346 609 3423 daverunt,
644 3342 735 3429 quod
766 3342 874 3407 eidem
908 3343 1084 3409 senescallo
1122 3348 1242 3426 vestro,
1276 3345 1345 3410 loco
1377 3345 1489 3422 vestri,

415 3445 624 3512 ‚nullatenus
647 3444 856 3511 obediremus
879 3467 940 3511 nec
972 3446 1184 3533 aliquatenus
1218 3446 1248 3512 ei
1282 3447 1323 3512 de
1346 3446 1490 3513 exitibus

436 3555 534 3614 terrm
556 3551 685 3629 vestrae,
709 3549 737 3613 si
760 3549 818 3634 qui
840 3571 940 3635 penes
963 3548 1058 3614 vobis
1083 3549 1289 3631 deberentur,
1306 3549 1337 3614 ei
1358 3571 1491 3636 respon-

437 3651 596 3728 deremus,
617 3671 678 3716 nec
700 3651 742 3715 de
764 3648 865 3716 aliis.²
909 3650 979 3716 Nos
993 3673 1071 3716 vero
1087 3652 1133 3716 eis
1148 3651 1386 3738 respondimus,
1403 3653 1491 3740 quod

438 3775 506 3829 vos,
528 3753 586 3840 qui
609 3751 762 3817 dominus
784 3757 897 3818 noster
919 3753 1007 3830 estis,
1030 3753 1137 3840 ipsum
1161 3753 1204 3818 ad
1230 3758 1340 3841 partes
1362 3758 1492 3820 nostras

438 3854 651 3920 senescallum
679 3858 713 3919 et
745 3857 842 3920 terrae
872 3858 994 3920 vestrae
1017 3854 1201 3920 Wasooniae
1233 3857 1403 3921 custodem
1434 3879 1492 3943 per

437 3957 551 4022 literas
578 3959 704 4021 vestras
739 3955 1012 4039 destinaveratis,
1047 3979 1148 4044 quare
1179 3957 1368 4024 nullatenus
1399 3981 1491 4023 man·

438 4059 525 4124 datis
548 4079 661 4123 eorum
692 4057 908 4137 obedivimus,
932 4059 1030 4124 sicuti
1062 4081 1122 4125 neo
1155 4059 1333 4140 debemus,
1346 4061 1424 4146 quia
1454 4061 1491 4125 in

438 4161 665 4248 praejudicium
702 4165 737 4226 et
774 4161 913 4227 dedecus
943 4165 1090 4230 vestrum
1131 4163 1264 4250 penitus
1301 4168 1493 4232 verteretur.

475 4519 565 4586 1Ῐαιυι]
594 4519 630 4571 So
652 4519 710 4570 Me.
744 4518 782 4570 M.
809 4519 943 4584 0111111111-
964 4528 966 4583 l
987 4519 1222 4572 standsintbeMS.
1250 4521 1487 4572 Theconstructiou

441 4603 494 4652 lion
521 4600 615 4664 bigeac
643 4599 720 4650 reads
748 4615 828 4666 quara
856 4600 943 4650 which
987 4601 1009 4650 is
1021 4615 1083 4666 rer-y
1100 4601 1220 4666 peculiar,
1232 4601 1283 4651 and
1302 4601 1344 4651 the
1355 4603 1426 4651 word
1446 4619 1489 4652 nos

441 4695 522 4730 seems
534 4685 560 4728 to
571 4679 603 4728 be
614 4679 731 4743 required
741 4680 777 4745 by
787 4679 832 4730 the
844 4693 924 4728 sense.
988 4681 1072 4731 would
1095 4697 1161 4732 seem
1183 4688 1210 4730 to
1232 4681 1263 4730 be
1285 4680 1401 4744 required
1422 4681 1487 4731 alter

476 4757 558 4807 τΤ1111
580 4766 699 4809 sentence
721 4759 743 4807 is
772 4759 850 4823 given
873 4774 901 4808 as
924 4759 944 4810 lt
985 4777 1071 4826 peaes.
