3609 5800
417 898 665 951 muussasmvs
686 898 731 949 os
753 899 823 949 sss
846 898 955 949 amau
979 898 1024 949 os
1047 898 1170 949 suus!
1194 900 1242 949 111.
1315 886 1353 947 ll

305 1073 523 1161 Burdogaliae,
556 1074 600 1139 ad
633 1073 781 1160 ejusdem
813 1075 1009 1141 insontium
1041 1079 1077 1141 ci
1110 1072 1359 1160 requisitionem

303 1176 346 1241 da
368 1176 534 1243 communi
552 1176 744 1262 juratorum
767 1180 802 1243 ei
823 1176 997 1243 consulum
1019 1176 1155 1243 oonsilio
1177 1182 1212 1243 ei
1227 1196 1361 1243 assensu

304 1278 475 1343 licentiam
495 1278 561 1345 sibi
588 1278 805 1345 concessimus
827 1278 1040 1367 postulalam,
1063 1280 1266 1345 aeslimsnles
1288 1298 1360 1343 cam

306 1382 349 1447 ad
381 1382 566 1468 profectum
598 1387 637 1447 ei
667 1381 825 1449 honoram
857 1382 963 1449 lolius
993 1381 1083 1449 villae
1112 1386 1149 1447 el
1178 1402 1362 1447 communae

307 1484 516 1571 Burdogaliae
537 1485 574 1549 in
600 1488 769 1571 posterum
799 1484 1017 1571 profuturam,
1042 1484 1167 1551 dictam
1193 1482 1361 1549 licentiam

305 1588 384 1653 hinc
417 1588 462 1653 ad
494 1587 685 1674 quindecim
716 1610 820 1655 annos
844 1588 1023 1675 complains
1053 1588 1160 1653 eidem
1196 1586 1362 1653 Bonefuso

306 1696 343 1755 ei
363 1689 459 1756 sociis
481 1712 565 1777 quos
586 1690 651 1755 sibi
672 1690 902 1779 adjungendos
925 1690 1061 1756 duxeris
1082 1688 1295 1755 comedentes
1326 1688 1362 1753 in

306 1793 396 1857 huno
425 1792 580 1859 modum:
615 1792 713 1875 Quod
736 1795 768 1859 ei
803 1798 839 1859 ei
868 1792 965 1859 sociis
994 1792 1062 1858 suis
1092 1792 1190 1859 liceai
1223 1792 1362 1867 evenire,

307 1900 462 1976 laxiores,
486 1896 635 1973 fullones,
650 1898 818 1977 tinctores,
833 1901 868 1962 ei
891 1896 1031 1961 aliorum
1046 1916 1231 1982 pannorum
1254 1894 1363 1959 laneo-

307 2020 384 2063 rum
417 2000 584 2085 operarios
616 1998 795 2076 attrahere,
817 2004 852 2064 ci
883 2000 989 2065 facere
1021 2019 1149 2084 pannos
1171 1996 1298 2085 operari
1321 1996 1363 2061 dc

307 2102 448 2166 diversis
480 2102 642 2167 coloribus
668 2102 712 2167 ad
734 2101 870 2168 modum
894 2099 1158 2177 Flcndrensium‚
1182 2098 1363 2175 Gallorum,

308 2204 379 2269 sive
413 2204 514 2269 sliam
547 2204 773 2291 Anglicorum
798 2209 832 2270 ci
866 2203 930 2269 sibi
963 2203 1068 2269 solum
1091 2226 1129 2269 aa
1159 2202 1254 2269 sociis
1285 2200 1363 2286 ejus.

310 2306 466 2371 Mulieres
503 2310 619 2372 lamen
652 2305 814 2392 quaslibet
851 2303 961 2371 verae¹
987 2308 1144 2393 potemini
1181 2309 1215 2370 el
1252 2304 1363 2369 lsnam

308 2406 412 2474 alias²
433 2430 625 2495 praepamrs,
649 2430 711 2473 sca
736 2408 792 2474 vel
825 2430 958 2473 suorum
991 2407 1125 2473 licencia
1150 2406 1362 2471 nullomodo

310 2511 477 2597 requisita.
524 2510 689 2577 Praelerea
722 2510 823 2575 eliam
853 2509 1070 2576 concessimus
1101 2508 1165 2594 ipsi
1188 2506 1362 2582 Bonasuso,

309 2614 399 2699 quod
429 2614 457 2677 si
488 2614 573 2695 lana,
608 2614 663 2678 vel
694 2612 848 2690 linctum,
884 2611 940 2677 vol
973 2610 1076 2697 aliqui
1111 2614 1289 2697 apparatus
1319 2609 1363 2675 ad

310 2714 433 2781 colores
455 2738 642 2803 pannorum
665 2715 720 2781 vel
742 2738 870 2802 pannos
884 2713 1050 2780 faciendos
1076 2712 1257 2777 necessaria
1279 2712 1364 2775 Bur·

310 2818 473 2905 degsliam
495 2826 628 2907 policia
657 2818 780 2885 fuerint
803 2817 892 2883 infra
915 2818 1040 2883 dicium
1064 2816 1242 2883 terminum
1266 2814 1364 2900 quin·

312 2922 418 2987 decim
452 2944 614 2987 annorum
641 2922 888 3010 completorum,
910 2921 1000 2987 dicio
1024 2919 1188 2986 Bonaluso
1211 2926 1245 2984 ei
1268 2919 1364 2984 sociis

310 3024 382 3109 ejus
404 3029 517 3090 tamen
549 3047 589 3089 aa
617 3025 716 3090 liceat
747 3047 862 3101 emere,
884 3024 934 3089 iia
967 3024 1056 3109 quod
1089 3023 1163 3088 aliis
1197 3043 1235 3086 ea
1258 3043 1365 3086 cincre

311 3149 378 3190 non
407 3125 534 3213 possii⁸
556 3126 645 3191 infra
666 3125 857 3206 terminum,
880 3125 945 3192 nisi
977 3126 1017 3190 de
1051 3147 1113 3192 sus
1145 3124 1198 3190 vel
1230 3145 1364 3188 suorum

313 3229 449 3294 licentia
469 3229 639 3315 requisita.
676 3229 865 3296 Pncscrlim
888 3229 1104 3294 concessimus
1127 3227 1234 3292 eidem
1258 3227 1364 3291 Bona-

312 3331 386 3396 fuso
410 3336 445 3396 ci
478 3331 574 3396 sociis
596 3332 665 3396 suis
688 3331 778 3416 quod
804 3330 970 3415 aliquibus
992 3330 1122 3417 placeis,
1144 3329 1247 3408 atriis,
1271 3328 1364 3408 liliis,

311 3434 470 3513 clausura,
509 3433 719 3498 intramurali
758 3437 793 3498 ci
829 3433 903 3497 aliis
953 3429 1180 3498 communibus
1218 3431 1365 3496 civitatis

312 3535 521 3622 Burdogaliae
544 3535 734 3622 padueniiis
757 3535 810 3600 uli
831 3533 962 3622 possinl
994 3533 1176 3600 liberaliier
1197 3538 1232 3598 ci
1254 3533 1365 3619 quiete

312 3639 356 3702 ad
389 3658 517 3724 pannos
550 3637 723 3714 faciendos,
754 3637 932 3718 siccandos,
963 3635 1196 3714 extendendos,
1221 3646 1255 3702 et
1285 3635 1365 3700 alias

311 3740 420 3805 modis
441 3739 630 3806 necessariis
645 3740 883 3828 praeparandos
932 3738 988 3804 Ila
1010 3741 1124 3804 ia'men
1145 3737 1234 3825 quod
1249 3739 1366 3804 domus

311 3847 402 3908 tecla
434 3843 504 3910 sive
537 3843 649 3928 aliqua
671 3841 738 3907 clia
759 3842 912 3929 longaeva
934 3841 1170 3929 impedimenta
1192 3862 1260 3906 non
1282 3839 1366 3906 fiant

313 3945 351 4010 in
384 3945 464 4011 locis
498 3945 648 4030 superius
680 3946 878 4022 memoralis,
900 3967 961 4010 nec
991 3965 1086 4030 equas
1115 3943 1324 4010 rciasdeniur
1345 3965 1366 4008 a

313 4070 411 4113 cursu
440 4047 495 4113 vel
530 4047 609 4114 alibi
644 4047 861 4126 diveiianiur,
884 4045 950 4112 nisi
981 4047 1052 4114 haec
1083 4047 1209 4124 fierent,
1233 4047 1261 4112 si
1290 4067 1366 4111 con-

312 4151 465 4238 cingerei,
489 4149 529 4215 dc
552 4148 727 4216 voluntale
747 4148 880 4235 majoris
902 4154 937 4214 el
955 4149 1141 4235 juratorum
1153 4173 1161 4228 3
1185 4156 1220 4213 cl
1241 4149 1303 4214 hoc
1325 4147 1366 4213 de

312 4241 507 4342 paduenliis‘
536 4258 571 4318 ei
605 4251 701 4339 aquis
733 4251 952 4339 intelligimus
986 4251 1072 4317 inira
1102 4252 1217 4316 villam
1240 4249 1365 4316 Burde-

311 4355 411 4446 galiae
443 4362 503 4421 aui
537 4354 625 4420 infra
655 4354 841 4420 bsileucam
875 4354 1074 4433 constitutis,
1098 4375 1237 4440 quorum
1269 4351 1366 4440 quin·

349 4673 354 4700 ¹
370 4669 445 4736 cura]
459 4669 560 4724 Solis.
864 4666 891 4718 in
909 4668 952 4720 llis
974 4669 1027 4721 line
1045 4672 1125 4722 above
1144 4685 1236 4738 appear
1255 4680 1281 4724 ιο
1302 4671 1368 4725 have

346 4753 358 4780 ²
370 4749 450 4816 alias]
464 4750 538 4812 deas,
549 4749 607 4801 MS.
864 4750 928 4800 been
940 4747 1128 4815 interchsnged.

347 4829 461 4896 Ἰωσῆ]
491 4828 555 4880 This
581 4828 652 4880 word
679 4827 729 4880 and
747 4826 820 4878 laeui
