3609 5800
444 867 510 932 314
600 879 714 930 noran
736 877 810 929 nun
832 879 951 930 orsus
972 879 1178 932 marcarum
1198 881 1349 932 amusos

488 1053 589 1119 Unde
617 1053 789 1120 nobilitati
822 1059 952 1135 vestras,
974 1054 1016 1120 de
1049 1075 1115 1142 qua
1146 1055 1329 1122 maximam
1352 1057 1498 1143 gerimus

443 1155 605 1236 fiduciam,
641 1155 811 1222 humiliter
845 1157 1066 1244 supplicamus
1102 1162 1137 1224 ct
1174 1158 1303 1236 devota,
1334 1163 1498 1244 quatenus

381 1344 385 1352 „
443 1257 551 1322 Deum
588 1257 747 1324 habentes
784 1281 852 1345 pne
889 1259 992 1325 oculis
1018 1265 1054 1325 et
1079 1259 1159 1346 jura
1190 1264 1306 1326 nostra
1336 1267 1371 1326 et
1403 1264 1497 1326 unte·

442 1382 605 1428 cessurum
641 1369 828 1429 nostrorum
864 1362 901 1426 in
939 1361 1061 1427 Wallia
1097 1363 1346 1444 considerantes,
1385 1367 1497 1450 partes

442 1469 569 1530 vestras
602 1487 717 1531 versus
750 1465 921 1531 dominum
953 1487 1065 1552 regem
1097 1471 1132 1531 ct
1162 1466 1366 1531 Edwardum
1387 1465 1496 1530 filium

442 1587 546 1647 suum,
571 1567 600 1632 si
632 1567 748 1654 placet,
779 1589 839 1655 pro
872 1567 967 1633 nobis
1000 1568 1178 1655 diligenter
1210 1571 1246 1633 et
1278 1567 1496 1632 amicabiliter

442 1668 671 1754 interponatis,
694 1675 733 1736 ut
766 1670 830 1755 ipsi
862 1670 905 1734 ad
939 1690 1053 1735 eorum
1078 1671 1221 1757 gratiam
1243 1675 1279 1735 et
1299 1691 1413 1756 pacem
1434 1691 1495 1734 nos

441 1771 627 1858 recipiunt3
648 1778 684 1838 ct
705 1795 765 1838 nos
787 1773 835 1837 eis
857 1773 954 1838 fidele
968 1773 1141 1838 servitium
1163 1777 1199 1838 et
1220 1777 1414 1838 consuetum
1435 1793 1495 1858 pro

437 1873 514 1959 jure
547 1878 660 1939 nostro
695 1875 732 1938 in
765 1873 887 1940 Wullia
923 1875 1078 1940 exhibere
1107 1896 1175 1940 non
1204 1875 1403 1941 omittemus
1448 1874 1496 1939 Et

443 1974 606 2059 quicquid,
629 1975 658 2040 ai
679 1977 796 2063 placet,
812 1997 910 2063 super
931 1977 993 2042 hoc
1013 1976 1118 2042 facere
1131 1977 1304 2044 volueritis
1325 1978 1422 2044 nobis
1436 1997 1495 2062 per

421 2075 557 2166 'literas
593 2081 721 2143 vestros
753 2078 939 2165 significare
970 2076 1089 2144 velitis.
1150 2079 1269 2146 Valeat
1299 2080 1495 2146 excellentia

443 2183 555 2245 vestra
578 2180 637 2245 diu
659 2180 695 2245 in
718 2181 867 2246 Domino.

893 2549 1047 2618 DOLIX

719 2689 850 2755 Huuur
873 2687 941 2756 ΙΙΙ.
964 2705 1008 2754 ro
1031 2688 1142 2754 Lou1s
1164 2689 1223 2754 IX„

647 2815 718 2878 (Rot.
731 2813 814 2866 claua.
828 2819 857 2864 51
871 2814 938 2865 Heu.
950 2813 1009 2876 HL,
1020 2815 1110 2865 memb.
1122 2819 1138 2864 2
1150 2813 1179 2864 iu
1189 2814 1286 2878 dorse.)

260 2932 380 2999 cepte,
486 2918 560 2982 Rex
589 2918 659 3005 regi
693 2916 843 2984 Franciae
879 2918 1031 3000 salutem,
1066 2922 1101 2983 ct
1132 2916 1268 2983 sinceres
1306 2916 1492 2983 dilectionis

277 3004 348 3053 ¹²⁶⁷·
440 3040 568 3105 semper
590 3020 753 3085 affectum.

273 3142 391 3194 Ioannou
486 3120 607 3187 Literis
639 3126 673 3187 et
702 3121 822 3187 nuntio
845 3126 964 3199 vestro,
988 3120 1144 3189 videlicet
1165 3123 1273 3208 priore
1303 3120 1410 3187 Vallis
1431 3120 1491 3185 Vi·

273 3212 396 3326 3¹5⁰AE
441 3224 532 3303 ridis,
547 3224 643 3291 nobis
659 3248 679 3290 a
693 3230 807 3290 vestra
820 3224 997 3291 serenitate
1012 3225 1214 3290 transmissis
1229 3246 1356 3311 eaquae
1380 3224 1491 3289 decuit

273 3342 303 3391 of
311 3341 428 3409 Gmeony
440 3328 653 3394 veneratione
677 3328 842 3414 susceptis,
866 3327 1023 3392 nuntium
1046 3349 1142 3393 suum
1164 3327 1261 3392 nobis
1275 3348 1334 3414 per
1349 3328 1490 3394 eundem

272 3414 410 3473 “ment
440 3430 620 3518 prudenter
660 3430 847 3517 expositum
896 3429 1121 3495 intelleximus
1159 3428 1339 3517 diligenter
1351 3454 1360 3514 ;
1395 3430 1491 3496 vobis

439 3532 661 3619 signifieontes
684 3533 771 3618 quod
793 3536 928 3619 propter
950 3532 1135 3597 absentiam
1150 3538 1344 3620 magnatum
1359 3531 1399 3599 de
1415 3554 1491 3598 con-

438 3634 513 3700 silio
535 3636 658 3715 nostro,
674 3634 732 3720 qui
754 3634 790 3699 in
813 3634 963 3700 adventu
978 3634 1092 3700 nuntii
1106 3635 1258 3721 praedicti
1273 3657 1333 3722 pro
1348 3633 1490 3723 negotiis

439 3736 507 3803 suis
529 3738 566 3801 in
587 3735 722 3801 remotis
745 3734 896 3823 agebant,
922 3736 1078 3802 nuntium
1108 3737 1203 3802 illum
1237 3737 1362 3802 ibidem
1388 3736 1490 3823 juxta

440 3842 556 3905 votum
570 3838 782 3923 nequivimus
805 3838 959 3924 expedire
971 3864 979 3919 ;
1002 3844 1137 3927 propter
1159 3838 1248 3925 quod
1270 3838 1378 3904 eidem
1401 3840 1489 3904 diem

439 3939 643 4029 praefiximus
673 3938 763 4026 apud
789 3938 966 4027 Salapiam,
990 3938 1049 4005 ubi
1073 3945 1150 4005 ante
1177 3940 1362 4005 adventum
1388 3940 1491 4028 ipsius

438 4048 573 4131 propter
594 4042 828 4129 urgentissime
861 4043 996 4129 negotia
1029 4046 1155 4107 statum
1184 4048 1335 4107 nostrum
1357 4046 1393 4108 et
1414 4064 1490 4108 nos-

437 4151 565 4213 trorum
588 4144 808 4233 deprimentia
823 4144 858 4209 in
874 4144 1016 4209 confinio
1032 4142 1162 4211 Walliae
1182 4144 1318 4209 fecimus
1333 4145 1490 4211 sollemne

437 4248 636 4334 colloquium
673 4246 853 4313 convocari.
900 4244 1001 4312 Unde
1033 4268 1234 4333 quamquam
1265 4246 1423 4313 mandato
1455 4250 1490 4313 et

436 4350 641 4437 beneplacito
664 4351 773 4415 vestro
799 4370 897 4435 super
920 4348 1053 4437 negotio
1075 4348 1323 4437 Bigorrioccnsi,
1346 4351 1490 4437 Armsy·

437 4453 578 4531 nocensi,
616 4458 651 4518 et
682 4450 934 4529 chentiucensi‚
958 4457 993 4516 et
1026 4451 1067 4515 de
1098 4452 1206 4517 tribus
1236 4451 1488 4538 episcopatibus,

437 4555 561 4622 scilicet
583 4553 853 4641 Petragorioensi,
880 4553 1083 4631 (lemicensi,
1113 4558 1148 4620 ct
1182 4552 1428 4633 Lemovicensi,¹
1454 4559 1489 4620 et

718 4752 726 4781 ¹
744 4748 920 4816 monicum]
937 4746 1119 4814 Iaepioviccmi,
1130 4747 1187 4799 MS.
