3609 5800
730 881 908 932 srrnuurx
933 882 970 930 11.
1311 867 1377 930 389

325 1051 525 1108 testimonium
554 1053 607 1109 has
638 1053 739 1110 literas
768 1055 882 1110 nostras
913 1050 956 1108 ais
987 1051 1052 1106 fieri
1080 1051 1204 1108 fecimus
1232 1054 1376 1122 patentes.

324 1134 412 1192 Teste
429 1153 477 1192 me
496 1137 560 1209 ipso
578 1135 656 1208 apud
673 1135 977 1200 westmonasterium,
997 1134 1210 1192 sextodecimo
1227 1133 1276 1190 dio
1293 1133 1376 1198 Maii,

324 1239 399 1277 anno
416 1221 503 1293 regni
520 1220 614 1276 nostri
632 1220 781 1276 tricesimo
800 1223 890 1275 sexto.
927 1218 986 1274 Per
1003 1236 1106 1290 regem
1124 1224 1155 1274 et
1172 1218 1202 1274 J.
1221 1218 1356 1274 Manaell.

361 1304 535 1361 Consimilee
553 1304 655 1360 literas
679 1303 788 1360 habent
806 1303 914 1359 Petrus
941 1303 1102 1368 Lamberti,
1129 1302 1264 1360 Ruffatus
1291 1303 1376 1360 Iram·

324 1388 411 1454 berti,
431 1386 576 1444 Emaldue
594 1387 755 1452 Maisenne,
775 1392 806 1442 et
823 1386 950 1442 Thomas
968 1386 1073 1443 Faure.

790 1555 849 1616 No.
864 1559 914 1615 20.

523 1681 594 1745 (Rot.
607 1681 691 1734 claua.
703 1687 736 1732 66
748 1681 813 1733 Heu
826 1681 884 1744 111,
892 1681 984 1732 memb.
999 1683 1028 1732 17
1040 1681 1068 1732 iu
1079 1681 1176 1744 dorso.)

359 1795 435 1865 Quia
452 1801 572 1867 treugas
591 1797 678 1852 initas
697 1795 775 1868 apud
793 1795 940 1866 Regulam
956 1796 1033 1851 iuter
1050 1794 1210 1851 Gastonem
1220 1795 1375 1851 vicecomi·
1387 1803 1543 1860 uernum.

322 1883 381 1934 tem
400 1880 605 1944 Baarnensem,
625 1877 826 1936 Amauevum¹
846 1879 882 1934 de
900 1877 1048 1943 Lebretto,
1068 1884 1099 1935 et
1114 1878 1202 1934 villas
1215 1878 1251 1933 de
1263 1879 1374 1935 Vasato
1386 1870 1543 1971 mm·

322 1967 353 2016 et
378 1963 493 2032 Regula
520 1968 550 2018 et
576 1979 679 2018 eorum
705 1963 845 2018 salitores
872 1979 907 2017 ex
932 1981 992 2017 una
1017 1967 1109 2033 parte,
1135 1968 1166 2017 et
1190 1961 1533 2029 willelmumtnosseons.

321 2045 465 2116 Pigorelli
482 2051 629 2104 tenentem
646 2046 744 2101 locum
762 2043 877 2100 comitis
896 2044 1066 2101 Leicestrioe
1089 2047 1121 2100 iu
1138 2045 1294 2102 wasconia
1319 2065 1373 2119 pro

321 2137 404 2200 parte
430 2129 563 2202 praedicti
590 2129 706 2186 comitis
733 2146 768 2184 ex
797 2129 898 2194 altera,
930 2146 982 2183 rex
1011 2130 1183 2200 prorogarit
1210 2148 1305 2202 usque
1334 2132 1373 2186 ad

320 2213 428 2269 festum
446 2203 665 2284 Assumptionis
683 2213 718 2267 B.
739 2212 842 2268 Mariae
865 2213 998 2284 proximo
1016 2219 1183 2278 venturum,
1201 2215 1373 2271 mandatum

321 2302 367 2352 est
396 2297 536 2369 praedicto
562 2297 712 2352 willelmo
737 2295 815 2368 quod
842 2301 962 2366 treugas
987 2296 1054 2352 illas
1084 2297 1121 2351 de
1151 2303 1249 2353 cetero
1278 2301 1372 2356 teucri

321 2380 418 2437 iaciat.

355 2464 466 2520 Eodem
483 2465 570 2520 modo
587 2463 757 2521 mandatum
775 2469 821 2520 est
837 2463 944 2534 majori
961 2468 992 2519 et
1005 2463 1113 2534 juratis
1131 2463 1327 2535 Burdogaliae.

356 2549 395 2604 Et
412 2549 581 2604 mandatum
600 2553 645 2604 est
662 2547 773 2603 eisdem
791 2553 821 2602 et
832 2546 982 2602 willelmo
993 2546 1137 2618 Pigorelli
1154 2564 1208 2618 pro
1221 2546 1371 2604 Gaillardo

227 2659 229 2666 >
320 2632 356 2687 (lo
376 2633 456 2688 Solio
470 2632 548 2704 quod
560 2633 588 2687 ci
600 2639 652 2688 aut
668 2632 756 2688 rebus
769 2631 817 2686 rel
829 2629 1063 2703 possessionibus
1076 2631 1138 2687 suis
1149 2630 1198 2688 vel
1210 2631 1371 2687 amicorum

321 2733 441 2771 suorum
459 2715 491 2770 iu
508 2715 599 2771 bailia
616 2733 670 2772 sua
695 2714 808 2771 nnllam
834 2715 1001 2770 molestiam
1025 2719 1077 2770 ant
1101 2713 1239 2786 injuriam
1266 2715 1370 2772 inferri

319 2799 499 2896 permittant.
536 2798 624 2855 Teste
651 2802 684 2854 ut
711 2815 800 2869 supra
828 2797 913 2870 [rege
938 2797 1016 2870 apud
1033 2797 1208 2864 Martanum,
1235 2799 1293 2854 xxi.
1322 2799 1370 2856 die

319 2879 580 3107 {ffippndatum
607 2972 652 3024 set
669 2966 705 3023 R.
725 2966 882 3023 Vasatensi
908 2966 1045 3039 episcopo
1062 2972 1097 3024 ut
1114 2984 1204 3041 supra
1221 2967 1371 3026 willelmo

345 3069 427 3123 rgore
451 3072 472 3107 r.

786 3172 844 3232 No.
860 3174 910 3232 21.

535 3298 605 3361 (Rot
618 3297 673 3349 Pet.
686 3302 718 3347 66
731 3296 798 3347 lieu.
809 3297 868 3361 111,
879 3297 973 3348 memb.
986 3304 1001 3348 6
1012 3298 1040 3348 in
1051 3299 1147 3362 dorso.)

354 3413 429 3469 Oum
456 3412 563 3469 Petrus
588 3411 735 3467 Bonefaus
765 3417 796 3467 et
825 3410 994 3467 Bernardus
1024 3410 1120 3466 Bidau
1150 3412 1260 3467 detenti
1290 3412 1369 3484 apud
1381 3422 1538 3475 Juusurasu

318 3496 527 3568 Burdogaliam
546 3514 563 3551 a
580 3495 706 3551 termino
725 3494 782 3549 sibi
805 3494 942 3565 imposito
960 3512 992 3549 se
1010 3494 1213 3565 purgaverint,
1240 3500 1271 3551 at
1294 3496 1368 3567 ipsis
1381 3484 1536 3583 &offla

317 3598 375 3636 uon
393 3580 533 3636 convictis
552 3596 605 3635 neo
624 3578 765 3633 confossis
783 3578 927 3650 injustum
946 3578 987 3632 sit
1003 3577 1083 3649 ipsos
1111 3579 1227 3649 privare
1253 3597 1367 3651 posses·
1381 3588 1502 3631 tessaura

317 3666 398 3721 sione
416 3664 559 3719 bonorum
587 3680 716 3726 suorum,
745 3660 804 3716 uisi
829 3662 1038 3717 sententiatum
1064 3661 1155 3716 fuerit
1179 3674 1280 3719 contra
1306 3682 1366 3729 eos,
1380 3635 1539 3733 ffiffiss‘

318 3748 472 3805 mandatur
498 3742 638 3817 S[imoni]
665 3746 701 3800 de
726 3745 826 3799 Monte
845 3744 929 3800 Porti
953 3744 1032 3817 quod
1057 3745 1217 3801 secundum
1242 3747 1319 3802 soros
1338 3736 1464 3832 etffiffl

317 3832 541 3888 consuetudines
559 3828 722 3886 wasconia
739 3830 814 3884 bona
832 3846 886 3884 sua
910 3830 1061 3885 occasione
1088 3830 1287 3886 arrestationis
1306 3850 1367 3886 suae

317 3922 457 3988 occupata
474 3915 517 3971 eis
536 3912 573 3969 ad
591 3912 832 3970 sustentationem
851 3930 936 3968 suam
951 3914 1070 3969 restitui
1094 3914 1191 3969 faciat.
1229 3914 1315 3969 'Peste
1334 3920 1368 3970 ut

315 4019 406 4072 supra
433 3998 517 4071 [rege
541 3997 619 4069 apud
636 3996 939 4061 westmonasterium,
958 3997 998 4052 vi.
1025 3997 1073 4052 die
1101 3994 1208 4069 Junii].
1252 3997 1311 4052 Per
1335 3996 1364 4055 J.

314 4084 469 4141 Mauusell.

782 4202 841 4261 No.
856 4204 905 4260 22.

598 4329 667 4393 (Rot
681 4328 735 4380 Pet.
748 4333 780 4379 66
792 4328 857 4379 Heu.
870 4328 930 4389 111,
940 4328 1032 4378 memb.
1045 4329 1082 4391 6.)

350 4444 413 4500 Rex
430 4443 666 4515 archiepiscopis,
681 4444 834 4515 episcopis,
849 4442 1012 4508 abbatibus,
1025 4442 1183 4513 prioribus,
1197 4443 1364 4510 baronibus,
1377 4450 1538 4507 tunsurus.

315 4528 544 4593 vicecomitibus,
565 4527 719 4591 militibus,
740 4526 911 4597 maj0ribus,
931 4525 1199 4591 communitatibus,
1220 4531 1251 4581 ot
1273 4528 1364 4583 omui·

316 4611 369 4667 bus
388 4611 455 4667 aliis
472 4610 640 4666 horninibus
659 4610 720 4665 suis
738 4610 892 4667 Vaseoniae
905 4614 936 4665 et
953 4610 1057 4665 insulsa
1069 4608 1212 4676 Olerom‘s,
1226 4610 1362 4668 solutam.

321 4728 416 4736 ...ιι-..ω
440 4730 574 4735 --—.--.-—-
584 4728 616 4734 ..-

598 4782 605 4811 ¹
623 4780 785 4848 simonetta]
805 4782 967 4833 Amauerum
979 4789 1012 4843 et,
1022 4782 1079 4834 MS.
