3609 5800
431 878 682 931 raausraarrva
705 880 749 927 or
771 878 842 927 raa
865 878 972 929 aaron
996 880 1041 926 os
1064 877 1186 927 unsar
1209 877 1258 925 111.
1328 864 1370 926 25

718 1170 990 1237 OCCCXXXIV.

419 1320 549 1387 Hauav
572 1318 640 1385 III.
663 1336 706 1385 ro
729 1336 798 1385 ran
821 1318 993 1385 Eusenos
1017 1319 1194 1386 Faunamo
1218 1320 1265 1387 II.

519 1470 591 1531 (aot.
603 1470 695 1521 Franc.
708 1474 741 1523 26
753 1468 820 1521 Heu.
831 1468 889 1530 111,
901 1470 992 1520 memb.
1005 1470 1019 1520 7
1031 1468 1059 1519 iu
1072 1470 1167 1534 dorso.)

365 1588 508 1653 Domino
531 1588 721 1676 imperatori
745 1609 813 1667 rex,
830 1588 981 1669 salutem,
997 1594 1031 1654 et
1054 1608 1224 1676 prosperos
1246 1610 1374 1676 semper
1386 1593 1454 1657 sspt.
1468 1600 1507 1656 ¹9,

318 1690 363 1755 ad
385 1694 464 1755 vota
485 1710 658 1757 successus.
1387 1663 1460 1712 ¹²⁴²·

366 1793 545 1879 Cupientes
567 1794 778 1859 serenitatem
800 1796 945 1859 vestram
967 1814 1067 1880 super
1095 1793 1146 1859 his
1169 1816 1244 1879 quas
1274 1816 1373 1883 penca
1385 1814 1520 1932 oppa-me

1363 1898 1370 1912 ⁰
1384 1897 1419 1931 m

321 1916 381 1959 nos
403 1901 549 1982 aguntur
571 1901 605 1961 et
631 1897 672 1961 de
694 1916 845 1983 processu
867 1900 1050 1961 eventuum
1080 1900 1268 1962 nostrorum
1290 1896 1373 1963 ellim
1384 1948 1483 1999 Bm
1491 1964 1543 2001 m

320 1998 497 2075 certiorem,
521 1999 617 2064 vobis
638 1998 834 2065 intimamus
855 1998 952 2085 quod,
977 2020 1051 2064 cum
1073 1998 1135 2065 sub
1157 1999 1280 2065 fiducia
1293 2015 1541 2086 qua-brokeabe

320 2102 463 2166 rundam
485 2102 676 2188 pactionum
698 2105 734 2167 et
756 2100 1072 2167 confoederationum
1093 2101 1254 2167 initorum
1285 2082 1541 2215 inlefffilffim

319 2224 380 2269 nos
402 2210 437 2268 et
460 2202 681 2295 H[ug0nem],
704 2204 859 2271 comitem
882 2202 1038 2268 Mambiae
1061 2208 1096 2269 et
1123 2204 1516 2291 angolismensem

322 2304 540 2391 I[sabellam],
575 2305 723 2392 reginam
754 2304 893 2392 Angliae,
925 2326 1063 2371 uxorem
1092 2328 1195 2383 suam,
1232 2310 1373 2372 matrem
1386 2283 1533 2399 {ffiffi‘c’}

320 2404 487 2485 nostram,¹
512 2408 553 2472 de
576 2428 687 2473 eorum
711 2407 867 2473 mandato
889 2410 925 2473 ct
953 2407 1089 2474 consilio
1111 2412 1145 2473 et
1167 2409 1373 2493 quorundam
1387 2416 1530 2467 nonacris

321 2509 459 2574 aliorum
482 2508 644 2574 nobilium
667 2508 708 2575 de
732 2510 883 2574 Pictavia
905 2531 987 2595 quos
1016 2508 1236 2574 infidelitate
1258 2514 1374 2575 nostra

320 2610 454 2675 stabiles
477 2632 545 2677 esse
568 2611 789 2687 credebamus,
813 2633 886 2676 cum
920 2611 1033 2697 paucis
1063 2611 1226 2697 degente
1259 2616 1374 2675 nostra
1419 2630 1422 2636 ’

321 2710 453 2799 Angliae
477 2714 679 2779 venissemus
702 2714 738 2778 in
762 2714 955 2793 Pictaviam‚
978 2718 1013 2778 et
1042 2717 1281 2778 commorantes
1314 2713 1373 2777 ali-

320 2814 478 2901 quamdiu
500 2816 590 2904 apud
613 2816 754 2881 Pontem
779 2819 959 2881 tractatum
980 2816 1174 2881 haberemus
1197 2838 1271 2881 cum
1292 2838 1375 2904 prse-

321 2917 410 2982 diclo
433 2917 552 2984 comite
575 2918 732 2984 Morchiae
756 2923 790 2984 et
812 2917 886 2984 aliis
909 2917 1007 2984 nobis
1028 2923 1111 2984 tunc
1140 2919 1375 2986 assistentibus

321 3020 464 3104 qualiter
478 3025 593 3085 contra
607 3043 717 3108 regem
735 3021 891 3100 Francia,
909 3021 967 3106 qui
987 3026 1103 3086 contra
1116 3025 1268 3107 treugam
1288 3023 1376 3088 iuter

321 3143 381 3186 nos
403 3122 523 3187 initam
545 3121 800 3210 interceptiones
822 3144 891 3188 non
914 3123 1057 3188 modicas
1071 3127 1142 3187 tam
1164 3123 1260 3188 nobis
1275 3145 1374 3209 quam

320 3224 518 3310 quibusdam
540 3224 697 3312 imprisiis
720 3223 842 3290 nostris
864 3224 986 3290 fecerat
1008 3247 1066 3311 per
1087 3246 1122 3290 se
1145 3230 1179 3290 et
1212 3225 1375 3312 imprisios

320 3348 407 3406 suos,
421 3326 595 3412 procedere
618 3326 826 3393 debebamus.
866 3327 1023 3406 Tandem,
1039 3328 1080 3392 da
1103 3348 1215 3392 eorum
1230 3326 1374 3408 consilio,

320 3428 422 3494 semel
444 3433 479 3493 et
505 3429 625 3493 iterum
655 3428 764 3516 rogari
798 3428 935 3493 fecimus
966 3428 1142 3514 praefatum
1175 3450 1293 3516 regem,
1316 3452 1376 3516 per

320 3531 457 3594 nuntios
488 3535 617 3595 nostros
649 3528 809 3594 solemnes
838 3551 921 3614 quos
954 3530 997 3594 ad
1027 3550 1103 3595 eum
1126 3531 1373 3610 destinavimus,

320 3636 362 3696 ut
384 3630 637 3718 interceptiones
666 3631 740 3696 illas
763 3631 883 3718 faceret
917 3630 1093 3696 emendari.
1138 3632 1230 3698 Licet
1262 3639 1374 3700 autem

318 3735 409 3798 idam
439 3755 498 3799 rex
526 3732 655 3798 nuntiis
695 3733 818 3798 nostris
847 3732 929 3798 satis
958 3731 1126 3798 curialiter
1154 3735 1374 3821 mspmnderet,

321 3836 411 3922 quod
432 3835 573 3902 libenter
592 3834 689 3901 uobis
704 3839 739 3900 et
761 3835 882 3900 nostris
897 3833 1020 3899 faceret
1035 3835 1203 3900 emendari
1219 3838 1375 3923 quioquid

320 3959 381 4024 per
403 3959 437 4002 se
460 3942 495 4002 et
517 3959 594 4002 suos
614 3937 711 4002 nobis
733 3941 768 4002 et
799 3937 923 4002 nostris
953 3935 1019 4001 fuit
1039 3934 1271 4024 interceptum,
1294 3940 1374 4004 dum

319 4039 411 4104 idem
434 4039 497 4104 sibi
521 4044 555 4105 et
576 4039 643 4104 suis
665 4038 866 4120 faceremus3
891 4043 927 4103 et
956 4059 1032 4103 cum
1053 4039 1096 4103 ad
1119 4038 1202 4106 duos
1224 4039 1277 4105 vel
1307 4048 1376 4107 tres

321 4143 393 4206 dies
415 4143 510 4206 datos
530 4141 574 4206 ad
596 4141 656 4206 hoc
688 4141 895 4206 mitteremus
918 4140 959 4206 de
981 4140 1135 4205 fidelibus
1156 4141 1286 4218 nostris,
1316 4164 1375 4229 pro

320 4244 469 4310 emendis
509 4242 666 4308 faciendis
707 4248 743 4308 et
780 4242 974 4330 recipiendis
1004 4243 1046 4307 de
1081 4243 1377 4330 interceptionibus

320 4344 495 4433 praedictis,
534 4343 647 4408 nuntii
684 4343 831 4430 ejusdem
868 4345 956 4430 ragis
993 4343 1151 4423 Franoiae,
1189 4345 1232 4409 ad
1268 4369 1374 4412 unum

322 4449 413 4513 diem
435 4446 675 4524 convenientes,
698 4451 733 4512 et
759 4469 834 4512 cum
863 4447 987 4513 nostris
1016 4447 1075 4514 diu
1104 4452 1293 4528 tractantes,
1323 4451 1374 4516 in·

374 4763 381 4791 ¹
400 4761 504 4826 recinam
521 4799 528 4814 .
541 4799 547 4812 .
560 4799 567 4813 .
579 4763 690 4828 murm]
709 4763 797 4830 regine
808 4764 903 4830 Anglie
915 4763 1002 4816 uxoris
1012 4778 1057 4814 sue
1067 4763 1155 4813 matris
1165 4770 1257 4824 nostre,
1267 4763 1324 4816 MS.
