3609 5800
465 904 717 957 ruuusunluuvu
739 906 783 954 OF
805 906 875 955 THE
898 906 1007 955 REIGN
1030 906 1075 954 OF
1097 907 1218 957 HENRY
1242 908 1291 957 111.
1360 892 1404 962 77

352 1091 443 1157 adire
487 1098 598 1179 partes
632 1092 823 1169 Wasconiae,
861 1093 903 1159 ud
945 1114 1056 1180 preces
1089 1092 1214 1159 domini
1248 1092 1405 1159 Willelmi

352 1194 503 1279 Pigorell,
527 1196 670 1261 tenentis
701 1196 809 1261 locum
833 1194 960 1261 domini
990 1195 1119 1261 comitis
1142 1196 1338 1281 leycestriae
1369 1196 1406 1260 in

354 1295 534 1376 wasconia,
565 1298 624 1384 qui
662 1298 770 1385 ipsum
803 1303 978 1385 rogaverat
1012 1298 1206 1377 literatorie,
1245 1298 1333 1383 quod
1369 1297 1405 1361 in

353 1419 538 1464 succursum
561 1400 660 1465 castri
675 1399 778 1464 vestri
795 1399 835 1465 de
859 1400 995 1485 Regula,
1019 1400 1108 1485 quod
1122 1399 1301 1486 burgenses
1315 1398 1406 1463 villae

353 1500 555 1579 obsederant,
578 1500 762 1581 acoederet;
785 1506 819 1567 et
842 1500 1021 1567 cumidem
1037 1500 1189 1566 dominus
1205 1500 1405 1587 G[alfridus]

353 1606 387 1665 et
410 1624 470 1667 nos
492 1604 529 1667 in
551 1603 621 1689 ejus
643 1604 807 1669 conductu
831 1603 1034 1668 venissemus
1063 1604 1107 1669 ad
1130 1604 1289 1689 Burgum,
1313 1602 1406 1667 inve-

353 1705 464 1770 nimus
510 1711 635 1771 terram
669 1705 852 1771 Wasconiae
890 1705 927 1769 in
965 1706 1113 1771 maxima
1155 1704 1405 1791 perturbatione

353 1812 558 1887 commotam,
581 1806 631 1873 ita
654 1808 742 1893 quod
765 1807 918 1873 dominus
942 1806 1129 1873 Willelmus
1159 1806 1299 1893 Pigorell
1322 1828 1407 1892 prae-

353 1908 461 1974 dictus
478 1910 549 1995 jam
572 1910 779 1975 adunaverat
800 1910 868 1975 fere
889 1914 1001 1975 toturn
1031 1909 1216 1975 exercitum
1249 1930 1347 1973 suum
1370 1912 1406 1973 et

354 2012 609 2078 communitates
625 2011 781 2077 villarum
799 2012 886 2098 apud
896 2012 1104 2098 Gyrundiam
1115 2011 1218 2096 juxta
1233 2010 1405 2097 Regulam.

398 2113 527 2194 Quibus
542 2114 675 2195 auditis,
692 2114 799 2179 dictus
815 2114 969 2179 dominus
984 2112 1161 2191 Galfridus,
1172 2114 1274 2178 frater
1287 2118 1406 2191 vester,
1415 2108 1505 2240 ἓξὲξ
1512 2110 1555 2226 3106

353 2214 393 2279 de
410 2215 522 2302 Burgo
544 2215 706 2295 recedens,
723 2215 831 2282 adivit
853 2216 1069 2281 senescallum
1092 2214 1303 2302 inpartibus
1325 2237 1557 2302 prae-mmm,

354 2316 459 2394 dictis,
484 2323 518 2383 et
539 2340 600 2383 nos
623 2318 664 2382 de
687 2316 823 2383 consilio
847 2340 907 2383 suo
925 2317 1091 2383 adivimus
1106 2316 1339 2403 Burdegaliam
1362 2317 1405 2382 ar]
1418 2316 1536 2424 poegni

353 2416 522 2483 dominum
545 2419 821 2507 archiepiscopum
844 2441 918 2485 cum
949 2419 1053 2484 literis
1074 2418 1203 2496 vestris,
1226 2440 1308 2504 quas
1330 2440 1405 2483 cum
1418 2440 1546 2491 thearch-

353 2542 472 2606 magna
495 2522 707 2587 veneratione
729 2520 881 2607 suscepit,
905 2521 1102 2609 promittens
1134 2541 1168 2585 se
1189 2520 1227 2583 in
1242 2505 1575 2623 ⁰m⁰ib⁰³d3¹dbiiedda

353 2644 411 2707 pro
445 2622 572 2687 viribus
603 2624 680 2703 suis,
715 2622 881 2688 mandatis
913 2623 1033 2687 vestris
1065 2622 1206 2687 obedire.
1266 2622 1404 2687 Dicebat

353 2728 464 2789 autem
487 2746 521 2789 se
543 2725 670 2789 iturum
692 2726 863 2791 nobiscum
885 2724 929 2790 ad
944 2724 1135 2802 exercitum,
1150 2724 1193 2789 ad
1215 2723 1404 2789 habendum

354 2826 526 2891 consilium
550 2849 625 2892 cunr
648 2827 764 2894 ceteris
786 2828 1000 2915 magnatibus
1022 2832 1129 2905 terrae,
1153 2826 1211 2913 qui
1226 2826 1275 2891 ibi
1297 2832 1404 2909 erant,

354 2929 473 3013 quibus
495 2929 662 2996 direxistis
692 2929 806 2996 literas
822 2936 970 3011 vestras3
1001 2930 1059 2996 sed
1080 2931 1194 2996 statim
1227 2929 1323 2996 nobis
1356 2931 1407 2994 in-

353 3031 489 3096 timavit
503 3035 628 3096 statum
643 3037 741 3098 terrm
756 3038 791 3098 et
805 3053 936 3098 oausam
951 3053 1079 3120 guerrae
1094 3032 1243 3118 inceptre,
1259 3053 1406 3098 asserens

352 3156 386 3200 se
416 3133 546 3199 stetisse
568 3134 657 3220 apud
680 3135 848 3221 Regulam,
872 3139 907 3202 et
927 3157 987 3221 per
1008 3156 1113 3199 unum
1136 3140 1170 3200 et
1192 3135 1313 3222 viginti
1337 3135 1407 3199 dies

352 3235 515 3302 laborasse
545 3237 589 3301 ad
610 3257 723 3323 pacem
745 3235 930 3302 faciendam
953 3236 1007 3302 vel
1029 3243 1181 3324 treugam
1207 3237 1406 3322 capiendam.

355 3337 520 3405 Formatae
551 3343 663 3405 autem
693 3338 825 3405 fuerant
856 3338 931 3404 duee
953 3343 1087 3426 treugae,
1104 3343 1139 3403 et
1160 3337 1274 3403 statim
1298 3344 1405 3425 ruptae

353 3461 396 3504 ex
411 3444 550 3526 utraque
565 3445 667 3528 parte,
691 3441 777 3506 sicut
799 3441 972 3506 asserebat.
1063 3437 1069 3448 ’

399 3541 441 3606 In
478 3543 624 3608 exercitu
662 3563 740 3608 vero
777 3541 965 3607 invenimus
996 3541 1063 3608 fere
1092 3563 1205 3607 omnes
1236 3545 1408 3628 magnates
1420 3549 1561 3602 Turreno

354 3649 389 3710 et
410 3643 549 3728 majores
571 3644 770 3721 villatarum,
802 3643 923 3729 quibus
945 3643 1113 3710 direxistis
1135 3643 1248 3709 literas
1270 3648 1404 3720 vestras,
1418 3615 1552 3734 ffssffiye

354 3751 388 3809 et
412 3765 466 3810 eas
496 3746 543 3810 eis
576 3745 775 3812 tradidimus
808 3747 845 3810 in
878 3746 1055 3832 praesentia
1081 3745 1206 3810 domini
1229 3745 1551 3830 G[alfn·di],verep1e

354 3847 466 3913 fratris
495 3849 609 3926 vestri,
631 3853 667 3913 et
698 3849 744 3914 eis
776 3857 927 3914 oretenus
960 3847 1172 3935 exposuimus
1199 3849 1310 3913 omnia
1332 3869 1406 3932 quae
1419 3815 1568 3946 {lomi}

353 3949 448 4014 nobis
479 3949 681 4035 injunxistis.
727 3949 856 4030 Quibus
878 3949 1003 4014 auditis
1025 3955 1060 4014 et
1081 3947 1266 4026 intellectis,
1290 3948 1406 4013 habito
1419 3957 1446 3996 ¹⁰
1456 3949 1544 4013 nearly

354 4051 490 4118 consilio
512 4073 570 4118 suo
592 4051 636 4116 ad
657 4051 809 4129 invicem,
824 4051 890 4117 tale
904 4051 1000 4117 nobis
1023 4050 1185 4116 dederunt
1206 4072 1405 4137 responsum,
1418 4013 1556 4144 imm,

354 4160 517 4241 prasente
557 4153 691 4220 domino
733 4154 836 4220 fratre
880 4158 1000 4230 vestro,
1045 4153 1134 4238 quod
1178 4152 1269 4217 nullo
1309 4151 1406 4216 modo

353 4261 510 4344 poterant
542 4279 603 4322 nec
633 4256 790 4322 volebant
827 4278 848 4321 a
879 4255 1031 4342 partibus
1059 4255 1128 4320 suis
1157 4255 1256 4331 exire,
1279 4276 1338 4320 nec
1363 4253 1407 4319 ad

353 4381 414 4426 vos
443 4360 479 4424 in
509 4359 666 4444 Angliam
695 4357 818 4436 venire,
843 4358 924 4423 dum
952 4362 1041 4423 terra
1063 4357 1234 4429 Vasconiae
1256 4363 1341 4422 esset
1369 4356 1406 4420 in

353 4463 414 4527 tuli
428 4483 547 4548 guerra
561 4467 595 4526 et
618 4461 876 4548 perturbatione,
891 4459 957 4524 nisi
971 4481 1030 4546 per
1051 4479 1164 4546 paoem
1186 4459 1240 4524 vel
1255 4463 1406 4544 treugam

353 4563 414 4629 hoe
439 4563 544 4629 facere
566 4567 722 4650 possent;
746 4561 911 4626 timebant
932 4561 1021 4626 eninr
1042 4560 1260 4647 perditionem
1283 4566 1404 4626 castro-

353 4687 436 4744 rum,
460 4687 639 4752 corporum,
660 4669 824 4730 terrarum
847 4668 881 4730 et
895 4662 1134 4749 possessionum
1158 4684 1299 4740 suarum,
1321 4662 1405 4726 si‘se

352 4789 374 4832 a
396 4773 483 4832 terra
505 4789 565 4832 suu
587 4767 786 4852 elongarent.
