3609 5800
476 893 545 958 398
875 909 1054 960 messum
1076 911 1129 960 nr.

514 1075 681 1132 Justiciarii
707 1077 879 1135 itinerantes
907 1079 945 1135 de
970 1085 1068 1136 cetero
1093 1097 1152 1135 non
1178 1080 1340 1135 amerciant
1356 1079 1475 1134 villatas
1499 1077 1532 1132 iu

476 1159 581 1214 itinere
600 1177 662 1226 suo,
682 1179 736 1232 pro
755 1179 789 1217 eo
808 1163 887 1234 qnod
906 1164 1019 1235 singuli
1040 1163 1195 1219 duodecim
1213 1179 1356 1218 annorum
1374 1180 1433 1218 non
1444 1177 1531 1216 veno·

476 1245 537 1299 rint
563 1262 662 1300 soram
679 1247 852 1302 vicecomite
880 1253 910 1302 et
937 1248 1168 1313 coronatoribus,
1198 1246 1236 1303 ad
1259 1247 1465 1318 inquisitiones
1492 1243 1529 1299 de

476 1334 569 1383 morte
587 1328 723 1394 hominis,
744 1335 795 1384 ant
812 1331 879 1386 aliis
899 1331 937 1386 ad
956 1349 1092 1387 coronam
1104 1331 1329 1403 pertinentibus,
1343 1330 1415 1384 dum
1431 1335 1531 1384 tamen

476 1410 512 1465 de
530 1413 611 1468 villis
629 1412 690 1468 illis
702 1414 821 1470 veniant
839 1413 1028 1480 sufficienter,
1041 1431 1096 1486 per
1114 1431 1187 1486 quos
1205 1413 1410 1486 inquisitiones
1427 1411 1530 1483 hujus·

475 1495 554 1550 modi
571 1496 658 1567 plene
676 1497 741 1551 fieri
758 1499 883 1568 possint.

511 1577 666 1634 Murdrum
685 1579 721 1634 do
740 1586 837 1636 cetero
863 1597 922 1635 non
939 1579 1127 1652 adjudicetur
1151 1598 1250 1636 coram
1271 1579 1456 1652 justiciariis,
1476 1577 1527 1633 ubi

475 1661 666 1720 infortunium
692 1665 893 1720 tantummodo
919 1664 1121 1736 adjudicatum
1147 1665 1397 1730 est,sedloeu1n
1422 1662 1529 1718 habeat

475 1747 629 1802 murdrum
646 1749 678 1802 in
695 1748 858 1803 interfectis
877 1765 931 1819 per
948 1749 1097 1813 feloniam,
1118 1755 1148 1805 et
1164 1767 1222 1804 non
1239 1749 1336 1804 aliter.

510 1826 668 1886 Provisum
687 1835 733 1886 est
744 1831 865 1902 insuper
878 1830 958 1902 quod
968 1832 1069 1888 nullus
1082 1833 1133 1904 qni
1145 1849 1244 1888 coram
1253 1830 1428 1903 justiciariis
1440 1829 1525 1884 itine-

473 1915 606 1970 rantibus
624 1919 746 1969 vocatur
764 1913 802 1968 ad
819 1921 998 1970 warrantum
1017 1915 1054 1971 de
1071 1916 1179 1987 placito
1197 1921 1284 1970 terrm
1301 1914 1350 1970 vel
1367 1913 1526 1970 tenemeuti

474 1998 650 2053 amercietur
668 1997 705 2052 de
718 2003 825 2064 cetero,
845 2016 899 2070 pro
919 2017 954 2054 eo
973 1999 1051 2070 quod
1063 2017 1193 2072 praesum
1210 2017 1269 2054 uon
1287 1997 1386 2063 suerit,
1406 2002 1524 2067 excepto

473 2081 569 2153 primo
587 2081 635 2136 die
653 2079 796 2137 adventus
815 2083 948 2154 ipsorum
971 2083 1222 2154 justiciariorum3
1249 2081 1301 2138 sed
1319 2081 1346 2137 si
1362 2086 1524 2137 warrantus

474 2162 525 2217 ille
544 2164 583 2219 sit
600 2163 678 2219 infra
695 2165 875 2230 comitatum,
891 2171 962 2220 tunc
974 2167 1149 2238 injungatur
1159 2167 1325 2223 vicecomiti
1339 2164 1417 2236 qued
1427 2165 1526 2236 ipsum

473 2247 550 2302 infra
567 2247 647 2302 diem
665 2250 785 2304 tertium
796 2248 845 2304 vel
858 2255 1007 2320 quartum,
1022 2251 1185 2306 seeundum
1197 2250 1331 2306 locorum
1343 2249 1523 2312 distantiam,

474 2331 562 2386 iaciat
580 2333 690 2396 venire,
705 2333 782 2387 sient
800 2332 831 2387 in
843 2334 950 2388 itinere
965 2333 1199 2404 justitiariorum
1212 2333 1277 2388 fieri
1288 2332 1448 2387 consuevit.
1485 2331 1524 2385 Et

474 2415 499 2470 si
518 2421 601 2470 extra
618 2416 790 2471 comitatum
808 2421 934 2481 maneat,
954 2421 1024 2472 tunc
1041 2416 1245 2472 rationabilem
1266 2416 1373 2471 habeat
1398 2431 1524 2470 summo·

473 2500 614 2554 ultionem
624 2500 801 2570 ‘quindecim
819 2499 936 2556 dierum
954 2501 990 2555 ad
1009 2501 1118 2567 minus,
1138 2499 1299 2556 seeundum
1317 2499 1522 2555 discretionem

469 2582 702 2655 justiciariomm
723 2589 753 2638 et
769 2582 868 2654 legem
886 2600 1078 2638 communem.

510 2665 541 2720 Si
567 2667 693 2721 clericus
719 2666 829 2736 aliquis
853 2683 908 2737 pro
934 2667 1057 2722 crimine
1085 2667 1185 2738 aliquo
1202 2667 1252 2722 vel
1275 2670 1356 2722 recto
1382 2665 1461 2736 quod
1484 2665 1523 2720 ad

472 2765 608 2804 coronam
626 2751 771 2820 pertineat
789 2755 950 2806 arrestotus
969 2751 1067 2816 fuerit,
1081 2757 1112 2807 et
1122 2751 1309 2822 postmodum
1323 2750 1360 2805 de
1377 2753 1522 2822 praecepto

472 2834 552 2905 regis
571 2833 602 2888 in
619 2833 742 2888 ballium
761 2833 887 2888 traditus
906 2834 956 2889 vel
973 2835 1156 2907 replegiatus
1175 2835 1314 2900 extiterit,
1333 2833 1377 2890 ita
1395 2833 1473 2906 quod
1489 2834 1521 2888 hi

472 2918 578 2989 quibus
597 2918 724 2973 traditur
736 2919 767 2972 in
779 2918 901 2973 ballium
920 2936 988 2973 eum
1004 2920 1140 2985 habeant,
1160 2938 1258 2975 coram
1272 2918 1446 2991 justiciariis
1463 2935 1520 2973 nou

472 3002 677 3066 amercientur,
699 3002 734 3055 de
753 3006 850 3056 cetero
863 3002 910 3055 illi
929 3003 1037 3075 quibus
1055 3004 1182 3059 traditus
1200 3004 1258 3058 fuit
1274 3003 1306 3056 in
1322 3001 1455 3066 ballium,
1473 3000 1521 3055 vel

472 3085 523 3139 alii
542 3085 634 3156 plegii
653 3086 709 3150 sui,
730 3084 756 3139 si
775 3102 880 3156 eorpus
893 3102 980 3141 suum
998 3086 1125 3142 babeant
1141 3104 1240 3143 coram
1253 3086 1437 3157 justiciariis,
1451 3084 1521 3141 licet

472 3185 570 3223 coram
595 3168 638 3221 eis
663 3173 784 3239 propter
801 3169 995 3241 privilegium
1020 3170 1156 3227 clericale
1180 3169 1358 3242 respondere
1382 3169 1456 3224 nolit
1472 3167 1520 3221 vel

472 3270 528 3307 non
546 3251 649 3321 possit.
