3609 5800
441 882 508 944 250
598 892 714 943 Rom
736 891 810 941 Am)
832 890 949 940 OTHER
973 886 1178 941 nlsromcla
1200 888 1347 939 terrens

487 1069 585 1135 Teste
607 1090 686 1156 rege
709 1068 798 1155 apud
812 1066 1154 1146 Westmonasterinm,
1176 1072 1271 1132 sexto
1293 1066 1418 1131 decimo
1441 1066 1493 1131 die

443 1171 653 1259 Septembris.
1074 1192 1078 1201 ·

488 1275 575 1339 Item
598 1272 753 1339 scribitur
776 1273 874 1339 Petro
895 1273 937 1337 de
960 1272 1075 1338 Monte
1097 1272 1201 1353 Foru,
1225 1271 1367 1337 Ricardo
1388 1272 1494 1336 archi-

444 1379 582 1443 diacono
609 1378 799 1457 Oxoniensi,
835 1376 982 1441 Reberto
1017 1374 1244 1441 archidiacono
1278 1374 1493 1459 Estn'thinge,

444 1486 480 1545 et
502 1481 659 1567 magistro
693 1479 832 1544 Nicolao
866 1478 907 1543 de
939 1478 1088 1560 Prestnn,
1111 1477 1199 1563 quod
1231 1476 1386 1544 accedant
1419 1498 1493 1542 cum

443 1605 519 1685 rege
541 1583 585 1649 ad
606 1586 717 1670 partes
739 1581 984 1647 transmarinas.

728 1850 853 1857 —-·—---
864 1848 1185 1857 ...mumma—*-

891 2058 1055 2147 norm.

446 2223 577 2288 Heras
601 2221 666 2287 ΙΙΙ.
682 2235 725 2286 ro
739 2239 809 2287 rme
825 2222 989 2289 Omrznrs
1003 2236 1078 2287 sun
1094 2220 1264 2288 comeus
1280 2238 1323 2288 or
1339 2222 1495 2288 Lounos.

646 2374 719 2438 (sos
731 2373 816 2426 Clam.
828 2380 860 2425 48
876 2372 943 2425 Hen.
955 2372 1014 2437 111,
1024 2375 1117 2425 memb.
1130 2380 1144 2424 9
1156 2374 1184 2423 in
1196 2375 1291 2439 dorso.)

277 2524 339 2575 Dee.
355 2529 379 2585 s,
491 2502 565 2569 Rex
579 2502 709 2568 dilectis
730 2508 765 2569 et
786 2501 940 2568 fidelibus
965 2501 1033 2567 suis
1055 2501 1183 2567 civibus
1210 2507 1244 2567 et
1268 2500 1496 2568 communitati

281 2596 354 2643 ¹²⁶³·
447 2605 637 2685 Londoniae,
664 2606 814 2672 salutem.

277 2733 433 2798 Expelsrom
490 2706 575 2775 Oum
599 2708 735 2795 quidam
765 2708 807 2774 de
836 2730 938 2796 regno
967 2712 1079 2773 nostro
1109 2730 1183 2773 cum
1212 2708 1304 2794 equis
1334 2711 1369 2774 et
1398 2706 1496 2772 armis

278 2801 411 2918 ‘sime
446 2811 607 2876 intervos
622 2817 868 2889 commorantes,
887 2811 931 2875 ad
945 2810 1035 2897 pacis
1057 2814 1179 2876 nostrae
1195 2814 1229 2876 et
1244 2808 1497 2896 tranquillitatis

280 2935 412 2996 Moesos,
447 2915 542 3001 regni
572 2915 680 2980 nostri
718 2915 1002 3000 perturbationem
1040 2918 1113 2980 tam
1150 2913 1244 2979 vobis
1284 2935 1383 3000 quam
1423 2913 1496 2979 aliis

279 3001 418 3117 ssffide
446 3016 599 3082 fidelibus
622 3017 744 3084 nostris
759 3018 800 3083 de
825 3018 878 3083 die
902 3019 940 3082 in
965 3017 1052 3082 diem
1075 3009 1256 3105 praedicent
1280 3022 1314 3082 et
1328 3037 1496 3104 perperam

281 3104 410 3183 mothe'ir
447 3124 626 3205 suggerant
648 3141 708 3186 nos
732 3120 932 3207 alienigenas
956 3120 1163 3186 introducere
1188 3118 1272 3184 velle
1298 3119 1334 3184 in
1358 3143 1495 3208 regnum

279 3200 413 3251 ‘⁰¹¹⁰'m
448 3225 606 3298 nostrum,
630 3222 672 3286 ad
694 3223 940 3287 subversionem
967 3227 1074 3288 status
1100 3221 1246 3308 ejusdem
1271 3223 1364 3310 regni
1391 3223 1495 3288 nostri

449 3329 486 3388 et
508 3324 654 3389 fidelium
677 3331 865 3391 nostrornm
892 3325 1188 3402 exheredationem
1214 3330 1248 3390 et
1274 3316 1335 3391 nos
1364 3331 1497 3412 propter

451 3427 512 3492 hoc
527 3449 641 3493 versus
664 3434 773 3515 partes
788 3427 943 3494 Devoriae
969 3449 1075 3514 nuper
1098 3449 1229 3516 gressus
1243 3432 1373 3494 nostros
1389 3429 1497 3494 direx-

452 3529 522 3608 isse,
554 3530 643 3616 quod
672 3535 793 3597 nostrae
822 3531 1019 3597 intentionis
1049 3553 1220 3617 nunquam
1251 3531 1376 3610 extitit,
1413 3532 1498 3596 sicut

450 3654 509 3717 per
534 3631 615 3697 fecti
638 3633 839 3698 evidentiam
862 3656 951 3699 nunc
977 3632 1072 3699 vobis
1101 3633 1228 3719 liquere
1250 3634 1374 3719 poterit
1394 3632 1499 3698 mani-

449 3735 553 3815 feste,
584 3757 721 3822 eumque
749 3734 941 3822 hujusmodi
970 3736 1217 3823 pradicationas
1247 3739 1282 3801 et
1311 3735 1499 3821 perniciosae

454 3837 679 3924 suggestiones
705 3838 801 3904 factae
830 3840 899 3904 sint
928 3840 971 3905 ad
997 3838 1255 3905 subtrahendum
1277 3859 1337 3904 vos
1361 3844 1396 3905 et
1419 3837 1498 3904 alios

454 3941 565 4008 fideles
601 3948 730 4007 nostros
754 3963 775 4006 a
795 3941 957 4008 fidelitate
988 3947 1023 4008 et
1054 3943 1230 4008 devotione
1258 3947 1382 4023 nostra,
1412 3941 1499 4028 quod

450 4044 546 4109 nobis
583 4044 704 4109 anxius
740 4040 860 4131 gravat
889 4065 989 4130 qnam
1034 4043 1145 4130 eliqua
1173 4065 1293 4131 guerra
1330 4043 1499 4122 mortalis3

450 4167 510 4211 nos
532 4146 746 4212 nihilominus
767 4147 808 4211 de
822 4151 942 4212 vestrae
956 4145 1126 4212 fidelitatis
1146 4145 1333 4212 constantia
1347 4147 1499 4212 fiduciam

450 4253 600 4334 gerentes
625 4249 812 4334 pleniorem,
828 4249 924 4314 vobis
947 4250 1141 4314 mandamus
1167 4249 1202 4312 in
1227 4249 1292 4313 fide
1316 4271 1381 4334 qna
1405 4249 1500 4314 nobis

452 4351 612 4417 tenemini
642 4352 781 4417 firmiter
817 4352 1036 4438 injungentes,
1077 4357 1239 4437 quatenus
1269 4351 1435 4418 Simonem
1459 4353 1500 4417 de

453 4455 568 4520 Monte
592 4453 686 4519 Forti
716 4459 751 4520 et
773 4453 956 4520 Robertum
981 4455 1021 4521 de
1042 4453 1185 4520 Ferariis
1204 4459 1239 4519 et
1264 4475 1377 4520 eorum
1404 4456 1502 4520 comi-

451 4558 566 4636 tivam,
582 4557 619 4620 in
642 4557 779 4623 civitate
804 4563 918 4623 nostra
942 4557 1123 4624 Londcnise
1148 4558 1191 4623 ad
1217 4549 1500 4644 perturbationem

453 4659 603 4745 praedicti
629 4661 722 4748 regni
747 4661 854 4726 nostri
877 4683 953 4727 cum
969 4661 1061 4746 equis
1085 4666 1119 4726 et
1142 4661 1241 4725 armis
1256 4668 1501 4740 commorantes,

453 4762 534 4827 visis
563 4763 667 4828 literis
696 4763 769 4829 istis
796 4765 866 4830 sine
908 4765 1066 4830 dilatione
1105 4763 1215 4850 aliqua
1238 4765 1419 4830 amoveatis
1457 4765 1500 4830 ab
