3609 5800
480 880 545 959 270
635 897 750 951 neven
773 898 846 951 nun
868 899 985 951 00000
1008 899 1214 953 mammem
1237 902 1381 957 nummu

478 1071 576 1143 nobie
607 1074 876 1161 signifioaveritis
909 1078 997 1164 quod
1029 1082 1166 1165 propter
1195 1078 1361 1145 molestias
1392 1082 1427 1147 et
1458 1098 1530 1167 gra·

479 1177 614 1247 vamina
635 1199 710 1264 quae
733 1177 757 1243 J
759 1177 904 1245 ohannes
920 1180 961 1245 de
977 1180 1154 1267 Eyerville,
1170 1181 1195 1246 J
1196 1181 1340 1247 ohannes
1356 1181 1398 1247 de
1413 1180 1528 1269 veser,

479 1280 621 1349 Thomas
643 1280 684 1347 de
707 1280 881 1363 Meletone,
898 1281 1083 1349 Willelmue
1099 1279 1293 1372 Marmyon‚¹
1311 1288 1346 1351 et
1362 1284 1529 1357 Gilbertus

479 1385 519 1455 de
543 1384 752 1455 Unfranville
774 1384 869 1454 vobis
898 1390 933 1453 et
962 1388 1082 1453 vestris
1103 1386 1224 1457 inferre
1245 1388 1411 1469 nituntur,
1442 1388 1529 1457 uude

478 1488 549 1557 aine
570 1489 668 1576 gravi
689 1488 810 1557 damno
832 1490 875 1557 ad
896 1511 957 1557 nos
983 1490 1081 1557 dietis
1107 1492 1161 1559 die
1184 1494 1219 1557 et
1240 1490 1311 1559 1000
1325 1492 1439 1561 venire
1461 1513 1530 1559 non

478 1592 642 1679 potuistis,
664 1596 800 1679 propter
821 1592 910 1679 quod
932 1593 1163 1663 mandavimus
1184 1595 1351 1683 praedietis
1372 1594 1527 1673 iohanni,

477 1696 634 1775 Johanni,
666 1696 809 1777 Thomae,
833 1695 1007 1777 willelmo,
1039 1705 1073 1765 et
1107 1697 1257 1767 Gilberto
1289 1698 1377 1789 quod
1408 1720 1429 1765 a
1460 1722 1530 1767 mo·

476 1800 589 1878 leetiis,
612 1799 750 1881 damnis,
780 1822 840 1867 seu
860 1799 1107 1887 gmvaminibus
1137 1802 1233 1869 vobis
1258 1806 1318 1871 aut
1339 1802 1459 1871 vestris
1491 1802 1528 1871 iu

476 1903 621 1991 personis
641 1903 698 1968 vel
719 1902 817 1970 rebus
848 1903 981 1969 omnino
1005 1904 1209 1986 desisterent,
1231 1904 1283 1971 ita
1313 1904 1402 1993 quod
1433 1906 1529 1975 dietis

477 2006 530 2074 (lio
551 2010 586 2071 et
614 2004 685 2071 loeo
715 2026 789 2070 eum
819 2009 890 2071 toto
920 2007 1056 2073 servitio
1081 2013 1193 2073 vestro
1223 2007 1319 2074 nobis
1350 2007 1463 2073 debito
1493 2014 1527 2075 et

476 2114 548 2175 toto
577 2130 672 2196 posse
702 2111 811 2174 vestro
834 2113 868 2174 et
890 2110 1070 2176 amicorum
1092 2115 1277 2177 vestrorum
1294 2110 1337 2176 ad
1363 2132 1423 2176 nos
1438 2112 1528 2179 veni·

475 2213 564 2291 retis,
589 2222 628 2278 ut
649 2213 889 2278 conservationi
915 2212 1004 2303 penis
1029 2220 1152 2280 nostrae
1174 2220 1209 2281 et
1231 2214 1414 2281 defensioni
1435 2215 1527 2301 regni

475 2316 581 2381 nostri
603 2321 713 2381 vestro
738 2315 906 2381 mediante
928 2316 1052 2383 auxiiio
1082 2316 1248 2383 salubrius
1278 2316 1527 2405 provideretuu;

475 2426 510 2487 et
532 2420 625 2485 vobis
646 2419 769 2509 pluries
790 2420 1000 2509 postmodum
1022 2420 1290 2489 mandaverimus
1312 2422 1401 2508 quod
1422 2421 1527 2486 modis

475 2523 627 2591 omnibus
656 2524 700 2589 nd
735 2545 796 2589 nos
825 2522 939 2589 essetis
969 2523 1040 2589 loeo
1073 2528 1107 2590 et
1144 2523 1286 2591 termino
1322 2525 1526 2612 supradietis,

475 2627 564 2714 quod
593 2628 763 2713 hueusque
792 2624 898 2692 faeere
928 2624 1112 2706 distulistis,
1135 2627 1176 2693 de
1206 2650 1271 2713 quo
1305 2628 1463 2694 miramur
1492 2633 1526 2693 et

475 2730 755 2818 quamplurimum
785 2751 977 2811 movemur3
1014 2730 1108 2797 vobis
1145 2730 1347 2811 manda-mus,
1379 2730 1415 2796 in
1453 2731 1527 2809 fide,

475 2834 636 2921 homagio,
668 2838 703 2902 et
735 2832 909 2901 dilectione
943 2832 1063 2920 quibus
1084 2833 1180 2900 nobis
1202 2833 1362 2902 tenemini
1387 2834 1528 2904 firmiter

474 2939 693 3025 injungentes,
728 2940 890 3023 quatenus
924 2937 1047 3020 statim,
1082 2937 1162 3004 visis
1191 2937 1296 3006 literis
1317 2937 1401 3020 istis,
1424 2939 1528 3004 omni·

474 3042 537 3107 bus
573 3039 717 3127 negotiis
738 3039 966 3126 praetermissis
992 3039 1035 3106 ad
1067 3061 1127 3106 nos
1149 3040 1347 3130 ubicumque
1369 3041 1526 3109 fuerimus

475 3146 511 3208 in
533 3144 665 3232 Anglia,
689 3165 764 3210 oum
794 3141 887 3230 equis
917 3147 952 3210 et
981 3144 1090 3225 amnis,
1112 3149 1185 3210 toto
1210 3145 1346 3212 servitio
1369 3149 1403 3212 et
1434 3165 1526 3232 posse

475 3253 585 3314 vestro
615 3253 650 3313 et
680 3247 858 3314 amicorum
879 3251 1171 3325 vestr01·um,oum
1195 3247 1284 3314 omni
1315 3247 1525 3316 seminatione

474 3351 625 3430 veniatis,
648 3351 734 3419 sieut
758 3350 880 3438 pluries
901 3348 999 3417 vobis
1020 3351 1251 3418 mandavimus
1262 3375 1271 3432 ;
1302 3350 1420 3418 etheo
1442 3350 1525 3418 sieut

474 3455 630 3522 honorem
651 3459 800 3521 nostrum
822 3458 857 3522 et
886 3453 1093 3522 commodum
1115 3453 1209 3540 regni
1241 3453 1346 3520 nostri
1379 3452 1526 3540 diligitis,

475 3565 510 3626 et
531 3558 793 3646 indignationem
815 3562 963 3624 nostram
986 3556 1094 3622 vitare
1116 3559 1151 3622 01
1172 3556 1215 3623 ad
1236 3577 1349 3642 paoem
1379 3559 1524 3644 nostram

475 3684 545 3728 esse
579 3660 758 3742 volueritis,
792 3667 827 3727 et
863 3680 999 3747 corpora
1033 3663 1144 3726 vestra
1176 3661 1211 3725 et
1244 3658 1354 3726 omnia
1383 3679 1457 3745 quae
1489 3658 1524 3726 in

475 3789 577 3854 ragno
599 3769 710 3831 nostro
735 3764 857 3832 tenetis
880 3762 1029 3850 diligitis,
1053 3761 1241 3828 nullatenus
1268 3760 1437 3828 omittatis

520 3869 686 3936 Mittimus
702 3867 803 3934 etiam
825 3865 920 3933 vobis
941 3867 1057 3931 literas
1080 3867 1210 3930 nostras
1233 3862 1274 3929 de
1296 3863 1471 3940 conductu,
1487 3867 1526 3930 ut
1653 3855 1657 3863 ’

474 3975 518 4040 ad
551 3994 611 4038 nos
640 3971 733 4036 sadvo
762 3975 797 4036 et
826 3990 938 4034 seeure
966 3967 1080 4034 venire
1107 3967 1238 4057 possitis
1259 3967 1296 4031 in
1317 3965 1423 4032 forma
1443 3987 1525 4053 prae-

475 4078 572 4144 diota
618 4075 660 4140 In
682 4075 775 4160 eujus
804 4074 852 4140 rei
882 4071 1108 4140 testimonium
1131 4070 1245 4138 literas
1269 4069 1528 4138 0000000110-

474 4203 547 4248 mus
569 4183 729 4266 patentes.

520 4285 616 4348 Teste
647 4302 723 4369 rege
753 4280 842 4368 apud
877 4278 909 4345 S.
933 4277 1074 4346 Paulum
1108 4276 1298 4357 Londoniae,
1321 4276 1439 4362 quinto
1473 4275 1526 4342 dia

478 4386 631 4474 Augusti.

478 4548 606 4558 -—--——
620 4548 662 4554 .--
677 4545 737 4552 ...-·
752 4547 773 4550 --
873 4542 1161 4550 ....-.-—...—--....---
1172 4541 1284 4548 ...-.--.
1343 4537 1530 4548 ..ι-...μή

763 4661 769 4690 ¹
794 4654 926 4706 WiIIeImus
937 4655 1082 4720 Marmyon]
1102 4654 1158 4704 Om.
1171 4653 1229 4704 MS.

804 4841 989 4849 ----—.-—-·-
