3609 5800
417 879 667 935 maceranum
689 884 733 933 OF
755 882 825 933 THE
848 882 957 933 anlon
978 882 1023 932 OF
1044 882 1167 937 Hm!
1190 886 1241 936 111.
1311 873 1352 941 59

298 1070 434 1136 litaret
462 1067 594 1135 invenit
627 1074 661 1135 et
691 1069 819 1135 dimisit
852 1069 1013 1137 ballivum
1047 1092 1144 1139 suum
1166 1072 1355 1141 lohannem

302 1170 487 1261 Lopergre,¹
526 1172 584 1258 qui
621 1176 672 1238 est
708 1172 851 1239 ballivus
888 1172 1053 1260 Aquensis
1089 1181 1125 1241 et
1162 1174 1357 1242 Baionensis

302 1274 450 1341 dioecesis
473 1278 508 1340 et
529 1272 646 1339 ballivi
669 1274 864 1362 prepositus
885 1276 958 1343 loco
979 1276 1040 1357 sui,
1063 1281 1099 1342 et
1121 1276 1277 1365 praecepit
1291 1276 1356 1343 sibi

298 1379 387 1465 qnod
411 1377 510 1442 sciret
531 1398 590 1463 per
612 1376 731 1464 probos
753 1376 903 1445 homines
925 1383 962 1446 et
983 1380 1139 1466 antiquos
1160 1381 1189 1445 si
1212 1386 1285 1447 erat
1306 1382 1356 1447 ita

297 1486 338 1547 ut
368 1479 562 1546 dicebamus
608 1479 707 1562 Quod
730 1482 838 1547 dictus
868 1481 1014 1547 ballivus
1036 1484 1135 1550 scivit
1156 1506 1216 1570 per
1236 1484 1356 1572 probos

249 1626 256 1635 -
295 1584 445 1650 homines
479 1588 513 1649 et
535 1582 705 1650 credibiles
726 1582 1025 1671 archiepiscopatus
1045 1585 1297 1673 Burdegslensis
1321 1592 1357 1653 et

296 1688 501 1774 episcopatus
530 1685 696 1771 Aquensis
730 1708 828 1773 super
861 1693 1123 1769 sacromentum
1146 1694 1181 1755 et
1209 1688 1357 1755 firmavit

297 1796 331 1855 et
352 1789 472 1855 clausit
494 1794 638 1855 castrum
661 1794 695 1855 ct
717 1788 838 1867 vicum,
860 1795 896 1855 ct
918 1790 1002 1856 illud
1024 1790 1111 1857 idem
1135 1791 1317 1879 populavit.

341 1892 443 1958 Unde
484 1897 630 1957 vestrum
675 1892 800 1979 regiam
845 1894 1053 1979 majestatem
1098 1894 1136 1959 in
1192 1900 1354 1981 quantum

297 2017 470 2083 possumus
484 1994 655 2059 humiliter
677 1995 898 2081 deprecamur,
915 2002 1080 2081 quatenus
1094 1998 1237 2063 teneatis
1258 1998 1354 2064 uobis

295 2098 435 2162 firmiter
466 2096 541 2162 illas
571 2101 676 2162 terras
711 2118 785 2181 quas
819 2103 915 2163 crant
942 2099 982 2163 de
1014 2099 1216 2185 pertinentia
1248 2102 1356 2182 castri,

296 2202 382 2267 sicut
416 2200 569 2265 dominus
591 2220 650 2265 rex
676 2198 837 2265 Ricardus
868 2206 902 2265 et
925 2200 1079 2266 dominus
1101 2223 1160 2266 rex
1186 2201 1355 2267 Johanncs

296 2302 469 2381 faciebant,
485 2307 519 2367 et
541 2324 608 2367 non
629 2301 826 2368 removeatis
849 2323 946 2367 noso
967 2308 1079 2369 vestra
1094 2304 1183 2391 regia
1205 2304 1355 2384 ditione,²

297 2409 332 2472 et
369 2428 412 2470 cx
441 2405 502 2470 hoc
540 2404 648 2471 detis³
678 2404 781 2483 nobis,
814 2405 955 2485 domine,
994 2406 1024 2471 si
1060 2406 1197 2494 placeat,
1228 2414 1355 2473 vestras

295 2513 447 2596 patentes
476 2508 590 2573 literas
612 2506 712 2593 sigilli
734 2507 839 2574 vestri
861 2509 1045 2573 munimine
1066 2508 1245 2591 roboratus,
1268 2510 1355 2576 sicut

297 2612 418 2677 iecerat
455 2610 608 2676 domiuus
653 2631 713 2674 rex
767 2610 936 2689 Ricardus,
975 2633 1049 2696 quas
1092 2617 1245 2678 arserunt
1279 2632 1352 2677 cum

297 2714 420 2801 capella
450 2713 486 2779 B.
527 2712 707 2791 Katerinae,
737 2734 811 2800 quae
838 2717 911 2779 erat
945 2712 982 2779 in
1015 2718 1122 2780 castro
1153 2715 1241 2799 quod
1270 2715 1354 2779 arsit
1405 2709 1408 2713 ’

296 2818 475 2883 vicecomes
505 2816 733 2882 Tartassensis.
787 2814 906 2881 Valeat
937 2821 1049 2883 vestra
1078 2817 1260 2883 dominatio
1294 2817 1351 2883 diu

297 2925 332 2986 et
354 2921 443 2986 bene

602 3167 1037 3176 ——-—-—-—--—-..—.-—.

695 3379 944 3456 occonxm.

384 3525 515 3592 Huuur
537 3523 604 3590 III.
628 3541 670 3591 ro
694 3523 872 3604 ancnn,
896 3525 1022 3606 Quum
1045 3543 1089 3592 or
1113 3527 1265 3595 Fasacn

641 3663 737 3732 (Royal
748 3663 854 3726 Letters,
865 3663 913 3715 No.
927 3667 999 3730 862.)

342 3777 517 3858 Hernicus,
540 3779 603 3846 Dei
625 3780 736 3868 gratia
757 3802 819 3846 rex
833 3779 975 3869 Angliae,
990 3779 1144 3847 dominus
1168 3782 1350 3862 Hiberniae,
1364 3801 1453 3851 March
1467 3807 1490 3863 a,

295 3885 368 3951 dux
406 3883 622 3950 Normanm'ae
659 3882 863 3969 Aqrdtaniae,
900 3887 936 3949 et
983 3905 1089 3950 comes
1134 3883 1349 3974 Andegaviae‚
1364 3873 1436 3918 ¹²⁵⁰·

294 3987 505 4075 B[lanchiae],
543 3986 658 4052 eadem
704 3988 813 4074 gratia
859 3987 984 4075 reginae
1030 3987 1180 4054 Francius
1217 3989 1350 4068 illustri,

292 4091 423 4157 dilectae
445 4089 697 4176 consanguineas
732 4109 810 4168 suae,
844 4090 1047 4156 salutemet
1079 4092 1217 4158 sincera
1249 4090 1347 4158 dilec-

290 4192 397 4260 tionis
418 4191 580 4258 affectum

339 4293 460 4362 Sciatis
492 4293 581 4380 quod
612 4293 793 4360 venerabili
826 4294 916 4382 patri
948 4293 1113 4382 Philippo,
1136 4295 1349 4383 lugdunensi
1361 4289 1411 4342 we
1418 4289 1484 4343 have

1361 4357 1511 4408 authorired

291 4397 407 4476 electo,
429 4401 465 4462 et
499 4395 630 4462 dilectis
661 4401 696 4462 ct
717 4395 872 4463 fidelibus
906 4396 1030 4462 nostris
1054 4396 1204 4473 Ricardo,
1234 4399 1349 4465 comiti
1361 4425 1404 4475 the
1416 4426 1489 4476 ach-

327 4723 689 4873 :mpempgsfirsm
880 4726 889 4754 ³
906 4723 981 4790 oea]
1000 4724 1089 4788 aaa,
1101 4724 1158 4776 ns.

558 4820 599 4866 ne,
661 4839 667 4854 .
