3609 5800
471 843 535 904 326
614 854 730 905 scrin
754 854 828 905 sun
851 857 967 907 orrum
989 857 1198 908 fllsromcse
1220 861 1372 908 crunnus

470 1032 567 1098 vobis
602 1037 762 1118 tanquam
797 1032 931 1098 domino
967 1053 1041 1098 meo
1077 1033 1226 1120 significo
1263 1034 1352 1120 quod
1383 1033 1449 1098 crit
1478 1033 1521 1096 nd

477 1137 636 1200 damnum
670 1135 736 1200 mei
769 1136 810 1201 de
831 1135 951 1222 septies
972 1135 1097 1224 viginti
1118 1137 1235 1202 marcis
1256 1159 1470 1224 perannum,
1493 1135 1523 1200 si

472 1238 668 1325 praedictum
691 1237 881 1325 tredingum
902 1237 1033 1316 habeat
1050 1260 1093 1304 ex
1116 1260 1181 1325 quo
1195 1260 1256 1326 ego
1270 1261 1345 1304 sum
1357 1239 1523 1304 finnarius

474 1339 624 1428 praedicti
646 1339 831 1417 comitatus,
853 1345 893 1406 ut
914 1339 999 1406 benc
1020 1340 1119 1408 scitis

515 1441 634 1522 Quare,
658 1442 686 1506 si
719 1442 835 1529 placet,
858 1441 993 1507 domino
1022 1444 1094 1530 regi
1124 1448 1160 1509 et
1190 1444 1261 1529 ejus
1282 1443 1418 1509 consilio
1438 1465 1523 1529 prac-

471 1545 560 1612 diota
605 1549 755 1610 constare
799 1545 920 1626 velitis,
956 1546 1035 1632 quia
1079 1545 1214 1612 domino
1250 1547 1321 1634 regi
1358 1547 1399 1611 de
1432 1544 1523 1611 dicto

450 1633 453 1642 ’
471 1648 631 1716 comitatu
653 1648 744 1713 nullo
766 1648 864 1714 modo
885 1669 1019 1736 possum
1049 1649 1253 1735 respondere,
1275 1648 1305 1713 si
1325 1647 1523 1734 praedictum

469 1751 660 1837 tredingum
690 1750 821 1828 habeat,
845 1771 888 1816 ex
918 1772 983 1837 quo
1005 1753 1057 1816 cst
1077 1751 1179 1816 tertia
1199 1772 1276 1837 pars
1297 1751 1402 1817 totius
1424 1751 1523 1818 comi-

471 1857 564 1918 tatus
594 1852 753 1940 praedicti,
775 1853 921 1941 exceptis
953 1851 1176 1918 libertatibus
1223 1850 1313 1933 Quid
1342 1873 1440 1939 super
1461 1852 1540 1934 hoe,

471 1955 576 2021 facere
608 1954 745 2021 debeam
779 1955 862 2020 mihi
894 1977 969 2020 cum
1000 1953 1092 2019 omni
1113 1954 1332 2032 festinatione,
1355 1955 1385 2018 si
1406 1952 1523 2041 placet,

470 2058 678 2124 voluntatem
702 2058 828 2123 domini
849 2059 936 2146 regis
958 2060 992 2124 et
1014 2057 1120 2123 vestri
1142 2063 1292 2123 constare
1313 2055 1432 2122 velitis.

518 2160 691 2225 Noveritis
728 2161 874 2246 insuper,
909 2161 939 2225 si
969 2159 1087 2247 placet,
1118 2159 1208 2247 quod
1237 2158 1346 2225 adhuc
1376 2162 1520 2224 cestrum

475 2263 680 2329 Eboracensc
713 2285 781 2328 non
814 2262 929 2341 habeo,
962 2263 1119 2350 quoniam
1153 2263 1197 2326 ad
1228 2262 1361 2328 literam
1394 2261 1521 2326 domini

472 2365 558 2454 regis
590 2387 738 2454 expresse
771 2365 957 2453 respondet,
980 2365 1069 2451 quod
1102 2362 1173 2429 sine
1196 2362 1374 2451 praesentia
1395 2362 1521 2428 domini

469 2469 554 2556 regis
578 2469 630 2534 vel
652 2465 803 2534 domini¹
829 2467 988 2533 Edwardi
1017 2466 1232 2554 primogeniti
1263 2467 1315 2532 sui
1336 2464 1420 2531 nulli
1445 2465 1521 2530 vult

472 2571 644 2659 assignare.
690 2569 808 2636 Valete
830 2571 889 2636 diu
911 2571 948 2635 in
969 2569 1121 2636 Domino.

888 3005 1106 3072 DCLXVIIL

535 3152 613 3215 Tm:
636 3150 774 3234 Meron,
798 3154 943 3236 Jumrs,
966 3170 1040 3220 sm>
1063 3156 1220 3223 Courcm
1241 3176 1286 3223 or
1309 3158 1390 3223 Dux
1411 3174 1456 3222 rc

895 3260 1028 3323 Hmmr
1049 3256 1112 3325 III.

819 3404 916 3471 (noyn
926 3404 1032 3466 moen,
1043 3404 1092 3454 uo.
1106 3408 1177 3469 ass.)

300 3546 390 3599 About
514 3526 801 3597 Excellentissimo
833 3548 892 3593 suo
927 3526 1061 3592 domino
1098 3550 1136 3593 ac
1173 3526 1296 3593 illustri
1333 3525 1522 3615 H[enrico]‚

303 3618 391 3667 ¹²⁶⁸?
469 3634 533 3699 Dei
555 3632 665 3720 gratia
693 3631 764 3717 regi
793 3629 936 3717 Angliae,
959 3628 1093 3695 domino
1124 3628 1307 3707 Hiberniae,
1329 3631 1406 3697 duci
1435 3630 1522 3695 Nor·

469 3736 613 3801 manniae
657 3732 858 3819 Aquitaniae,
913 3735 949 3795 et
992 3732 1106 3797 comiti
1149 3732 1363 3819 Andegaviae,
1407 3732 1521 3818 major,

464 3837 580 3923 jurati,
616 3842 651 3901 et
685 3834 857 3903 consilium
889 3831 1053 3919 Aquom,
1094 3835 1245 3916 satutem,
1278 3839 1312 3900 et
1348 3834 1520 3901 fidelitatis

469 3938 694 4007 constentiam
717 3956 791 4001 cum
813 3936 946 4001 honore.

301 4050 424 4119 wepray
515 4042 600 4108 Cum
622 4040 761 4105 dilectus
792 4037 935 4105 concivis
964 4040 1076 4101 noster
1098 4036 1295 4105 Guillelmus
1329 4039 1520 4126 Raymundi

301 4120 450 4237 {fflffl
470 4146 535 4212 deu
569 4143 712 4209 Frances
744 4162 802 4228 per
839 4139 1013 4204 dominum
1046 4138 1263 4207 Eduuardum
1299 4147 1335 4208 ct
1372 4164 1449 4209 suos
1484 4166 1520 4209 se

302 4251 415 4315 citizens,
469 4250 689 4333 conqueratur
719 4246 832 4308 contra
859 4242 1027 4327 justitiam
1057 4249 1276 4330 aggravatum
1307 4266 1405 4332 super
1429 4252 1520 4312 terra

302 4322 423 4451 {yffi
470 4350 612 4436 quadam
642 4350 678 4412 et
698 4342 887 4410 hominibus
909 4343 1103 4430 patrimonii
1124 4346 1185 4423 sui,
1211 4346 1379 4432 majestati
1400 4352 1519 4415 vestrae

301 4452 420 4505 Manu
469 4453 569 4539 regiae
593 4450 763 4515 humiliter
786 4448 1010 4534 supplicemus
1032 4453 1195 4534 quatenus
1217 4449 1351 4516 domino
1373 4450 1519 4518 Hemico

680 4640 807 4647 ...ι-«ι...-
814 4640 822 4645 .

692 4752 698 4781 ¹
717 4749 820 4815 domim]
838 4750 975 4800 Afterthis
987 4750 1089 4815 refisin
1099 4750 1157 4800 MS.
1168 4750 1303 4802 unocurt
