3609 5800
425 909 835 963 1mnsraar1v1aorrua
858 911 965 962 amon
990 913 1033 960 or
1056 912 1177 962 nnuar
1202 912 1251 960 111.
1301 899 1364 962 119

316 1089 492 1175 quicquam
524 1094 673 1155 remanet
706 1112 775 1156 suae
811 1089 990 1155 tenuitatis
1022 1091 1150 1175 partem
1187 1085 1368 1152 liberaliter

319 1191 517 1278 largiuntur,
541 1191 623 1276 quin
652 1191 769 1278 potius,
799 1196 838 1257 ut
866 1190 1081 1276 frequentius,
1112 1190 1244 1255 incaute
1274 1189 1368 1254 dissi·

314 1298 398 1380 pant
446 1297 481 1358 et
518 1292 733 1380 profundunt
790 1294 836 1361 Et
865 1293 1034 1381 expediret
1072 1296 1151 1360 ante
1188 1292 1367 1358 torminum

315 1396 412 1460 illum
449 1394 622 1460 sollicitius
666 1396 832 1482 inquirere
870 1417 945 1482 quae
982 1399 1117 1482 possent
1156 1391 1366 1480 postmodum

313 1497 429 1584 colligi,
452 1501 486 1562 et
518 1519 664 1584 congruo
687 1503 835 1584 tempore
858 1497 1006 1576 adunari,
1039 1497 1067 1561 si
1096 1496 1210 1561 literas
1239 1499 1366 1560 vestras

312 1600 442 1687 primas,
472 1599 623 1665 secundis
653 1621 721 1666 non
743 1598 962 1680 obstantibus,
986 1597 1163 1664 intenditis
1186 1595 1363 1663 innovare.¹

314 1702 470 1768 Intellexi
492 1723 513 1766 a
535 1702 734 1787 quibusdam
764 1701 970 1768 amicissimis
993 1701 1074 1767 meis
1097 1700 1185 1787 quod
1200 1701 1366 1788 oportebit

312 1825 409 1890 super
430 1804 492 1869 hoc
514 1803 627 1870 literas
648 1803 767 1891 prioris
795 1803 1005 1892 provincialis
1027 1803 1158 1892 Angliae
1179 1803 1365 1888 impetrare,

313 1907 433 1992 quibus
454 1905 573 1971 fratres
595 1905 718 1991 absque
748 1905 957 1970 amotationc
980 1904 1128 1992 qualibet
1143 1905 1367 1991 obtemperare

313 2010 485 2074 curabunt.

358 2109 447 2192 Quid
469 2109 590 2196 plural
636 2109 687 2175 De
708 2131 889 2176 successore
912 2109 994 2174 mihi
1018 2110 1182 2176 mittendo
1204 2109 1367 2174 maturius
1379 2123 1474 2176 Findi

313 2213 472 2301 cogitetis,
494 2212 612 2278 scituri
643 2213 822 2280 certissime
853 2213 941 2299 quod
972 2217 1046 2300 post
1076 2213 1164 2280 diem
1191 2211 1227 2278 Β.
1252 2212 1366 2278 Mariae
1378 2205 1507 2308 {poppam

314 2316 519 2402 Magdalenae
541 2317 582 2381 de
606 2337 692 2403 saepe
713 2315 784 2382 fato
806 2317 941 2404 negotio
970 2338 1023 2382 me
1048 2316 1238 2382 nullatenus
1261 2316 1363 2380 intro·
1377 2323 1485 2390 Employ

263 2459 271 2470 -
314 2421 446 2484 mittam
462 2419 498 2484 in
521 2418 696 2500 Hibernia,
720 2419 822 2485 etiam
837 2420 866 2484 si
881 2419 1107 2506 duplicaretur
1128 2418 1211 2484 mihi
1226 2419 1365 2505 pecunia
1376 2405 1518 2508 ssfiffiu,

313 2543 462 2587 concessa
483 2543 543 2607 pro
559 2521 746 2608 sumptibus
761 2522 945 2600 annuatim,
960 2527 1094 2609 propter
1109 2521 1230 2586 multas
1253 2541 1364 2585 causas
1377 2521 1524 2576 nnuma.

314 2646 395 2710 quas
416 2624 495 2688 viva
516 2634 596 2688 voce
616 2623 712 2689 vobis
727 2625 911 2712 exprimam
927 2624 999 2689 Deo
1014 2623 1124 2689 dante.
1155 2622 1239 2689 Cum
1253 2626 1365 2687 autem

314 2726 351 2789 in
372 2725 528 2812 Angliam
550 2745 671 2790 venero
694 2724 823 2791 faciatis
855 2727 895 2792 de
917 2747 970 2791 me
992 2725 1081 2813 quod
1104 2730 1223 2791 vestrae
1245 2723 1367 2790 sederit

314 2827 491 2905 voluntati,
531 2832 648 2914 parato
686 2828 797 2917 potius
837 2829 874 2893 in
909 2851 1067 2895 carcerem
1109 2827 1157 2893 ire
1191 2849 1289 2915 quam
1330 2827 1365 2892 in

317 2930 491 3016 Hybernia
530 2952 589 3017 pro
627 2930 730 2999 crucis
767 2932 901 3019 negotio
939 2934 1078 3019 amplius
1123 2932 1274 3017 crucifigi
1321 2930 1367 2995 Et
1502 2992 1504 2995 ,

316 3032 438 3098 credite
461 3032 544 3097 inihi
566 3032 655 3119 quod
677 3034 767 3120 lapso
794 3032 878 3100 festo
901 3034 933 3100 S.
957 3034 1047 3100 Petri
1070 3036 1112 3100 ad
1127 3034 1271 3099 Vincula
1292 3055 1366 3098 cum

318 3135 407 3199 omni
445 3134 637 3217 festinantia
674 3136 812 3223 dirigam
852 3138 888 3201 in
920 3137 1076 3223 Angliam
1108 3158 1236 3226 gressus
1270 3157 1367 3202 meos.

317 3238 469 3323 Denique
502 3237 674 3303 numeravi
696 3238 843 3304 Waltero
867 3238 1007 3305 Marsilii
1040 3244 1173 3305 centum
1207 3240 1367 3325 quinqua-

317 3340 412 3427 ginta
432 3360 558 3404 marcas
581 3340 706 3406 decimo
729 3345 825 3406 sexto
846 3340 1008 3407 kalendas
1031 3340 1054 3407 J
1056 3342 1137 3421 unii,
1161 3362 1293 3429 sperans
1316 3364 1368 3408 me

317 3445 567 3507 numeratunrm
590 3442 696 3507 eidem
718 3441 943 3508 abundantius
974 3448 1009 3509 et
1040 3444 1077 3507 in
1103 3444 1203 3509 brevi.
1250 3444 1369 3511 Valeat

318 3544 471 3610 dominus
493 3564 585 3608 meua
607 3565 665 3630 per
686 3549 836 3631 tempora
857 3544 1011 3633 longiora

363 3647 452 3711 Data
475 3645 644 3711 Dubliniae
676 3647 802 3713 decimo
835 3647 937 3712 tertio
967 3647 1128 3713 kalendas
1150 3648 1256 3725 Junii,
1281 3672 1367 3715 anno

251 3778 258 3789 ·
319 3748 454 3814 Domini
475 3748 648 3813 millesimo
671 3748 894 3815 ducentesimo
918 3750 1187 3837 quinquagesimo
1214 3757 1315 3818 sexto.

364 3850 465 3916 Mitto
487 3850 582 3916 vobis
604 3851 781 3917 interclusa
794 3852 1013 3939 praesentibus
1036 3854 1271 3941 transcriptum
1295 3855 1367 3920 lite-

318 3976 427 4019 rarum
450 3975 529 4040 quae
552 3950 709 4019 fratribus
731 3953 1006 4021 Praedicatoribus
1029 3955 1226 4021 destinastis.

363 4054 536 4123 Iarioreed
568 4054 688 4120 Liberae
720 4054 871 4141 magistri
906 4055 1077 4120 Laurentii
1113 4057 1153 4121 (le
1177 4056 1366 4123 Swinercot.

319 4156 391 4223 aad
413 4158 463 4223 De
485 4157 640 4243 magistro
663 4156 843 4223 Laurentio
865 4158 906 4222 de
929 4157 1102 4223 Samaroot

921 4362 1033 4369 ---...

602 4465 608 4495 ¹
627 4465 754 4528 innovare]
774 4464 809 4515 So
821 4464 917 4528 MS.,f.
928 4464 943 4515 l.
955 4480 1080 4515 renovare.

755 4694 1060 4703 -.-—-——·--—-—
