3609 5800
440 873 693 924 mnnsrnrrrvn
716 873 760 922 or
780 873 851 921 rna
873 872 983 922 arros
1007 872 1051 921 or
1074 871 1195 923 nnnnr
1218 871 1269 920 111.
1317 857 1379 918 '125

329 1051 418 1115 ultra
440 1053 573 1137 portam
595 1049 796 1125 interiorem,
811 1068 886 1134 quae
910 1047 946 1111 in
961 1067 1083 1132 magna
1102 1065 1221 1132 guerra
1235 1047 1383 1130 tempore

328 1152 468 1218 illustris
514 1152 602 1240 regis
639 1149 662 1216 J
665 1151 805 1216 ohannis
853 1149 960 1238 patris
998 1148 1100 1215 vestri
1139 1150 1306 1234 prostrata
1351 1151 1385 1210 et

330 1253 531 1320 deteriorata
562 1254 707 1330 fumant,
739 1273 911 1338 nunquam
941 1256 1056 1338 postea
1093 1248 1228 1315 fuerunt
1265 1247 1387 1313 refecta

331 1377 393 1420 neo
415 1356 598 1421 emendata
637 1353 780 1441 Capella,
804 1373 927 1440 magna
949 1353 1033 1430 aula
1057 1351 1215 1438 ooquinae,
1230 1351 1385 1438 grangia,

333 1457 480 1535 stabulae,
504 1456 665 1544 pistrinae,
688 1455 842 1533 braoinae,
865 1461 901 1521 et
932 1453 1049 1520 domus
1076 1455 1167 1518 ultra
1188 1459 1329 1540 portam,
1354 1457 1389 1518 et

332 1565 457 1646 pontes,
480 1560 569 1625 infra
592 1563 736 1624 castrum
762 1561 798 1623 et
820 1561 926 1638 extra,
949 1557 1038 1622 ultra
1068 1556 1205 1622 modum
1235 1555 1388 1640 indigent

334 1661 503 1727 emendari
533 1665 570 1726 et
601 1659 768 1746 oooperiri.
814 1659 877 1724 Est
907 1658 1061 1744 quaedam
1092 1657 1239 1724 orevaoia
1268 1677 1390 1742 magna

310 1762 421 1828 'infra
450 1762 623 1828 turrellam
647 1761 806 1826 Willalmi
842 1762 883 1825 de
915 1761 1017 1845 Ireby
1049 1783 1069 1826 a
1103 1761 1255 1846 s[umi]te
1286 1780 1389 1844 usquo

336 1864 497 1944 deorsum,
521 1887 596 1951 quas
618 1863 753 1928 noviter
782 1867 913 1949 oportet
943 1862 1044 1939 refici,
1067 1883 1140 1948 qum
1171 1867 1302 1928 ostensa
1324 1861 1390 1926 suit

337 1966 471 2032 domino
494 1967 640 2032 Henrioo
675 1965 716 2030 da
749 1964 916 2030 Bethania
948 1985 1015 2029 una
1049 1987 1123 2030 oum
1154 1963 1227 2028 aliis
1258 1961 1390 2028 defaltis

337 2069 593 2155 praenominatis.
661 2066 821 2147 Quaedam
859 2065 1051 2144 breteschia,
1090 2089 1163 2152 quae
1201 2065 1266 2131 fuit
1304 2064 1390 2129 infra

337 2169 508 2234 tur-sellam
542 2169 713 2245 Maunsell,
750 2167 790 2234 de
822 2189 910 2234 novo
948 2173 1048 2234 vento
1083 2172 1257 2254 prostrata,
1293 2167 1390 2230 modo

340 2276 390 2336 est
427 2271 608 2350 combusta,
646 2277 681 2336 et
719 2270 814 2336 ostiae
851 2275 886 2336 et
923 2270 1075 2336 fenestrae
1115 2292 1242 2356 magnae
1280 2268 1390 2346 turris,

337 2373 541 2437 stabularum
568 2379 603 2438 et
627 2372 784 2458 coquinae,
807 2371 962 2437 similiter
984 2371 1174 2452 combusta;
1197 2375 1232 2435 et
1253 2392 1390 2434 senune

338 2475 467 2540 ostiarii
504 2497 571 2540 una
608 2497 683 2541 cnm
721 2473 947 2566 ferramentisl
999 2474 1176 2538 earundem
1214 2477 1390 2559 asportata.

340 2577 464 2663 Magna
485 2598 563 2663 pars
584 2576 788 2663 paliciarum,
803 2575 892 2641 infra
907 2580 1053 2641 nastrum
1069 2581 1103 2640 et
1118 2579 1222 2654 extra,
1238 2574 1392 2638 simililer

338 2684 418 2743 sunt
440 2678 613 2744 combusta
634 2683 669 2744 et
699 2678 876 2744 destructa.
923 2677 1029 2742 Blada
1058 2698 1137 2742 vero
1161 2677 1201 2742 de
1225 2676 1389 2740 dominico

340 2782 439 2846 ason·
476 2781 527 2846 ita
564 2781 744 2867 expendite
781 2779 918 2846 filerunt
957 2779 992 2844 in
1030 2787 1199 2860 autumno,
1238 2783 1307 2844 tam
1354 2777 1391 2841 in

340 2882 451 2969 garbis
483 2905 584 2969 quam
614 2882 651 2947 in
680 2880 884 2969 summagiis,
909 2882 996 2969 quod
1019 2881 1135 2948 ballivi
1158 2881 1240 2948 dieti
1263 2881 1392 2947 esuritis

340 2985 399 3049 vix
437 2984 639 3057 invenerunt
674 2984 763 3051 unda
802 2984 958 3051 dominici
991 2989 1124 3073 possent
1161 2984 1325 3062 seminari,
1358 2989 1392 3048 et

339 3086 552 3153 liberationes
574 3088 773 3153 famulorum
796 3094 831 3153 et
863 3086 1044 3174 praebenda
1066 3087 1211 3153 afrorum
1236 3093 1270 3152 st
1290 3088 1390 3151 boum

340 3192 476 3275 po'ssent
509 3189 697 3255 sustentari.
754 3189 896 3255 Foenum
932 3194 966 3255 et
997 3188 1159 3275 foragium
1193 3189 1283 3254 unde
1318 3189 1392 3275 equi

341 3290 551 3369 vioeoomitis,
574 3290 818 3363 constabularii,
840 3296 874 3357 et
896 3292 1114 3357 servientium
1137 3292 1394 3369 careotariorum,

342 3397 377 3456 et
409 3390 473 3457 afri
504 3396 539 3457 et
569 3392 671 3457 boves
702 3392 853 3458 solebant
884 3393 1076 3471 sustentari,
1109 3398 1144 3459 et
1176 3393 1298 3461 debent
1335 3416 1393 3481 por

344 3499 454 3559 totum
476 3516 601 3559 annum
625 3499 764 3581 excepto
787 3500 933 3581 tempore
956 3496 1115 3583 herbagii,
1140 3500 1249 3561 totum
1275 3518 1397 3582 expen-

343 3596 451 3662 ditum
497 3596 563 3662 fuit
600 3602 635 3661 et
673 3598 893 3678 devastatum,
936 3602 1114 3685 antequam
1160 3598 1275 3681 ballivi
1315 3598 1395 3663 dicti

343 3697 474 3763 eomitis
512 3703 707 3786 receperunt
744 3697 871 3764 dietum
910 3706 1063 3767 castrum.
1132 3699 1174 3764 In
1212 3700 1311 3786 hujus
1350 3700 1396 3765 rei

345 3799 572 3864 testimonium
619 3800 728 3886 sigilla
777 3806 892 3867 nostra
938 3802 1015 3867 huic
1067 3802 1188 3890 scripto
1240 3804 1396 3889 praesonti

345 3922 565 3987 apposuimus

382 4110 532 4119 -.---.-.--
544 4113 601 4118 ......
613 4112 768 4120 ..-...--...
796 4114 854 4119 -..-.
870 4116 886 4119 -
911 4116 914 4120 .
935 4116 944 4120 -
1219 4116 1230 4123 α
1245 4118 1252 4123 -
1263 4116 1396 4124 -..-—-....-‹

655 4248 661 4276 ¹
671 4246 846 4313 serunensis]
860 4248 1018 4307 ferramento,
1030 4248 1090 4299 MS.
