3609 5800
508 833 574 898 396
903 845 1083 896 sneunmx
1105 845 1158 896 111.

508 1020 677 1086 ciariorum,
690 1025 751 1077 neo'
763 1020 795 1076 in
811 1020 1011 1086 comitatibus,
1031 1038 1085 1077 nec
1103 1019 1135 1078 in
1152 1021 1244 1078 curiis
1262 1021 1405 1078 baronum
1414 1023 1453 1079 de
1463 1029 1558 1082 cetero

508 1105 545 1160 ab
563 1105 710 1176 aliquibus
731 1105 912 1178 recipiantur
938 1105 1010 1160 fines
1035 1123 1089 1178 pro
1113 1105 1236 1178 pulchre
1262 1105 1439 1178 placitando,
1465 1125 1555 1181 neque

507 1206 562 1261 por
580 1189 624 1245 sic
642 1189 721 1262 qnod
738 1207 797 1246 non
813 1188 1042 1244 occasionentur.

543 1274 580 1329 In
597 1273 705 1346 placito
723 1291 795 1331 vero
813 1273 900 1338 dotis,
922 1273 1000 1344 qnod
1018 1273 1127 1330 dicitnr
1153 1273 1232 1330 Unde
1250 1275 1328 1330 nibil
1343 1273 1432 1341 lubet,
1453 1275 1555 1332 dentur

507 1357 544 1414 do
556 1362 790 1430 ceteroquataor
809 1357 872 1412 dies
884 1373 938 1429 per
956 1374 1064 1412 nonum
1084 1356 1122 1412 sd
1139 1357 1247 1424 minus,
1267 1364 1297 1414 et
1317 1358 1419 1430 plnres
1437 1360 1464 1416 si
1481 1377 1554 1416 com·

506 1441 592 1496 mode
609 1441 674 1496 lieri
691 1447 801 1513 posset.

541 1525 579 1580 In
597 1524 699 1580 assisis
717 1525 831 1580 ultimae
850 1524 1095 1596 praeeentetionis,
1114 1531 1145 1580 et
1162 1525 1193 1580 in
1210 1525 1317 1597 placito
1336 1526 1431 1593 Quare
1442 1528 1555 1599 impedit

505 1610 542 1665 de
561 1608 694 1665 ecclesiis
712 1608 893 1674 vacantibus,
913 1608 1000 1664 detur
1018 1608 1081 1664 dies
1101 1607 1136 1664 de
1155 1609 1302 1680 quindeno
1320 1611 1352 1664 in
1370 1611 1551 1682 quindenam,

505 1694 555 1750 vel
572 1694 609 1749 de
627 1693 722 1748 tribus
741 1692 913 1763 septimanis
931 1693 963 1746 in
988 1699 1048 1747 tres
1076 1693 1264 1763 septimanos,
1284 1699 1374 1764 prout
1390 1694 1473 1750 locus
1490 1713 1553 1766 pro·

504 1779 633 1850 pinquns
651 1779 742 1833 fuerit
759 1776 808 1833 vel
825 1781 966 1832 remotus.
1014 1775 1054 1831 Et
1073 1776 1104 1830 in
1129 1777 1237 1848 placito
1264 1777 1360 1844 Quare
1383 1779 1509 1850 impedit,
1528 1780 1552 1834 si

505 1863 543 1918 sd
561 1862 691 1934 primum
709 1862 788 1917 diem
806 1860 844 1915 ad
868 1878 956 1932 quem
976 1861 1172 1916 summonitus
1196 1861 1289 1917 fuerit
1305 1877 1364 1917 non
1380 1863 1489 1926 reniet,
1501 1881 1552 1918 nec

505 1946 654 2000 essonium
674 1945 773 1999 mittet
798 1943 964 2016 impeditor,
987 1948 1058 1998 tnnc
1086 1943 1263 1999 attechietur
1287 1943 1325 1998 sd
1351 1943 1429 1999 diem
1455 1945 1550 2010 alium,

505 2029 629 2099 quodie
650 2028 677 2084 si
697 2045 756 2083 non
775 2028 890 2083 venerit
907 2043 961 2082 nec
982 2027 1130 2082 essonium
1150 2027 1257 2092 mittat,
1280 2027 1478 2100 distringatur
1503 2047 1552 2101 per

504 2129 641 2183 magnum
659 2111 873 2166 districtionem
886 2111 1024 2182 superius
1037 2110 1155 2166 dictam.
1192 2110 1232 2166 Et
1244 2111 1269 2165 si
1282 2115 1352 2166 tnnc
1363 2129 1422 2166 non
1432 2113 1551 2177 venerit,

504 2215 557 2266 per
575 2196 639 2268 ejus
658 2195 799 2251 defaltem
816 2194 963 2250 scribatur
987 2193 1123 2266 episcopo
1145 2193 1223 2266 quod
1246 2193 1417 2249 reclamatio
1435 2195 1553 2267 impodi-

504 2279 577 2335 toris
596 2280 648 2334 illa
664 2279 730 2335 vice
748 2277 954 2349 conquerentis
973 2295 1031 2332 non
1043 2277 1176 2343 obsistet,
1197 2277 1278 2332 selvo
1296 2277 1464 2349 impeditori
1482 2279 1552 2335 alies

500 2363 569 2434 jure
587 2380 650 2428 sno,
670 2381 738 2418 cum
756 2362 824 2418 inde
841 2361 924 2433 loqui
942 2361 1079 2417 voluerit.

538 2447 583 2502 De
605 2448 694 2503 cartis
713 2463 784 2502 vero
801 2446 1006 2517 exemptionis,
1027 2451 1057 2500 et
1075 2444 1222 2500 libertatis
1243 2461 1280 2499 ne
1301 2449 1447 2516 ponentur
1464 2445 1551 2517 impe·

503 2536 614 2587 trentes
632 2531 664 2585 in
689 2530 801 2594 assisis,
827 2529 946 2600 juretis,
976 2529 1024 2584 vel
1051 2527 1311 2598 recognitionibus,
1338 2529 1491 2600 provisum
1508 2535 1551 2584 est

502 2619 536 2669 ut
554 2614 580 2668 si
604 2613 677 2670 adeo
695 2613 894 2668 necessarium
916 2613 956 2669 sit
981 2629 1082 2667 eorum
1104 2611 1314 2682 juramentum,
1339 2613 1417 2684 quod
1438 2613 1500 2668 sine
1518 2632 1549 2668 eo

498 2696 617 2767 justitia
635 2697 766 2751 exhiberi
783 2713 842 2752 non
859 2703 969 2768 posset,
989 2695 1083 2750 veluti
1101 2695 1132 2750 in
1153 2713 1263 2766 mngne
1280 2694 1375 2751 assisa
1392 2701 1423 2752 et
1440 2713 1550 2768 peram-

500 2780 708 2845 bulationibus,
731 2784 761 2835 et
778 2778 830 2834 ubi
847 2779 879 2833 in
896 2779 986 2834 cortis
1004 2777 1053 2833 vel
1065 2777 1183 2848 scriptis
1201 2779 1425 2834 conventionum
1443 2780 1550 2836 fuerint

500 2869 591 2921 testes
603 2857 756 2929 nominati,
776 2867 829 2919 ant
845 2861 878 2917 in
895 2861 1026 2917 obtinetis
1044 2860 1093 2916 rel
1112 2860 1229 2917 casibus
1250 2861 1317 2917 eliis
1339 2862 1548 2927 consimilibus,

497 2950 600 3021 jurare
620 2954 772 3022 cogantur,
796 2947 879 3003 salvo
899 2946 956 3002 sibi
983 2946 1056 3001 elias
1075 2945 1211 3001 libertate
1238 2952 1268 3000 et
1291 2946 1473 3018 exemptione
1498 2964 1549 3002 sna

520 3032 650 3089 raedicto.

500 3051 520 3105 p
537 3116 570 3171 Si
588 3116 674 3171 heres
692 3114 801 3186 aliquis
820 3120 889 3186 post
908 3118 1033 3169 mortem
1052 3112 1098 3168 sui
1120 3112 1313 3168 mrtecessoris
1337 3112 1416 3166 inira
1435 3118 1547 3168 mmmm

500 3200 639 3264 extiterit,
657 3204 688 3254 et
704 3198 840 3254 dominus
852 3217 923 3255 suus
936 3194 1099 3253 custodiam
1112 3202 1259 3251 terrorum
1275 3212 1395 3251 suerum
1406 3196 1547 3261 babuerit,

501 3282 527 3338 si
539 3283 674 3339 dominus
692 3282 743 3338 ille
762 3282 840 3337 dicto
857 3281 969 3345 heredi,
990 3297 1057 3335 cnm
1078 3278 1116 3335 sd
1132 3279 1298 3350 legitimum
1316 3284 1433 3335 cunm
1450 3298 1548 3353 perse·

500 3368 585 3431 nerit,
608 3372 718 3423 terram
745 3384 829 3422 susm
852 3365 916 3421 sine
942 3364 1051 3436 placito
1075 3363 1199 3418 reddere
1224 3362 1362 3428 noluerit,
1389 3364 1475 3419 heres
1499 3363 1548 3418 illc

500 3457 609 3506 terrum
628 3468 712 3506 sunm
736 3454 772 3504 ut
800 3448 837 3503 de
862 3454 957 3503 morte
986 3448 1032 3502 sui
1057 3446 1251 3502 antecessoris
1276 3446 1470 3517 recuperabit,
1493 3466 1548 3501 unu

500 3552 567 3589 cum
579 3534 694 3589 domnis
713 3550 778 3604 quse
797 3531 971 3587 sustinuerit
987 3547 1040 3602 per
1058 3529 1141 3584 illem
1159 3528 1365 3593 detentionem,
1385 3548 1403 3584 s
1420 3536 1547 3601 tempore

500 3635 558 3688 quo
575 3617 718 3687 legitimoe
736 3616 826 3671 suerit
844 3616 948 3669 rotatis.
987 3612 1071 3683 Quod
1090 3612 1115 3668 ei
1133 3613 1220 3667 heres
1238 3612 1270 3667 in
1287 3618 1382 3667 morte
1402 3612 1449 3667 sui
1470 3620 1546 3669 onte·

499 3701 624 3757 cessoris
651 3700 745 3770 plenae
772 3698 863 3753 fuerit
887 3698 993 3762 entis,
1022 3702 1052 3753 ot
1077 3696 1162 3751 heres
1195 3695 1246 3750 ille
1275 3712 1417 3767 nppsrsns
1443 3701 1473 3752 et
1496 3715 1547 3767 pro

498 3784 606 3840 herede
624 3784 760 3856 cognitus
779 3782 915 3837 inventus
934 3782 974 3837 sit
993 3782 1025 3836 in
1042 3780 1205 3837 hereditate
1225 3780 1286 3845 ills,
1305 3779 1440 3852 ospitalis
1459 3780 1548 3835 domi-

497 3888 553 3924 nus
574 3868 639 3939 ejus
658 3884 726 3922 eum
744 3884 801 3920 non
818 3864 927 3935 ejiciat,
950 3882 1004 3919 nec
1023 3864 1137 3935 aliquid
1154 3862 1197 3918 ibi
1219 3863 1317 3935 capiet
1333 3863 1383 3918 rel
1407 3868 1545 3929 amovent,

498 3953 550 4008 sed
568 3957 683 4008 tantum
708 3948 872 4021 simplicem
891 3949 1031 4004 seisinsm
1059 3948 1156 4013 facist,
1176 3964 1229 4020 per
1251 3947 1482 4018 recognitionem
1498 3948 1545 4003 do·

497 4036 582 4091 minii
601 4033 657 4093 sni.
704 4033 789 4088 Etsi
810 4031 943 4103 capitalis
962 4031 1098 4086 dominus
1122 4030 1260 4086 heredem
1278 4030 1448 4101 hujusmodi
1468 4038 1546 4087 entre

498 4120 638 4176 seisinem
658 4116 806 4172 malitiose
824 4119 931 4180 teneat,
944 4132 997 4186 per
1017 4114 1094 4185 quod
1114 4114 1329 4186 peractionem
1346 4116 1452 4171 mortis
1470 4122 1545 4171 ente·

497 4202 624 4258 cessoris
651 4200 699 4256 vel
725 4198 990 4269 consanguinitatis
1017 4204 1151 4269 oporteat
1177 4198 1277 4268 ipsum
1300 4197 1448 4269 placitare,
1477 4206 1543 4255 tnnc

496 4286 602 4341 domne
619 4303 674 4341 sua
690 4288 846 4355 recuperet
866 4283 944 4338 sicut
961 4282 991 4336 in
1010 4282 1121 4336 notione
1140 4300 1222 4337 novae
1240 4282 1415 4337 disseisinoe.

326 4380 364 4425 No
372 4392 415 4424 one
423 4383 448 4425 to
530 4369 617 4425 Nulli
634 4367 671 4423 de
682 4372 780 4423 cetero
794 4365 882 4421 licent
894 4383 929 4419 ex
943 4382 1126 4436 quecumque
1139 4382 1229 4420 causa
1240 4365 1439 4423 districtiones
1452 4368 1543 4422 lacere

325 4431 470 4534 ffifflb*
496 4458 578 4509 extre
603 4450 722 4507 feodum
748 4467 843 4514 suum,
866 4465 961 4520 neque
979 4448 1010 4503 in
1027 4449 1112 4517 regis
1130 4458 1181 4503 eut
1202 4448 1350 4504 communi
1368 4454 1468 4515 strela,
1488 4451 1542 4505 nisi

326 4534 434 4607 ΜΝ,
495 4536 612 4593 domino
629 4535 696 4605 regi
714 4538 745 4588 ct
764 4532 910 4587 ministris
930 4533 1002 4587 suis.
1056 4532 1214 4587 Provisum
1232 4537 1277 4587 est
1298 4532 1397 4597 etiem,
1418 4532 1495 4605 quod
1518 4534 1541 4589 si

326 4594 482 4698 ww
496 4627 575 4677 tersa
595 4638 661 4691 qum
679 4624 796 4674 tenetur
814 4615 846 4671 in
865 4616 1017 4686 sooagium
1036 4617 1076 4671 sit
1093 4616 1123 4670 in
1141 4614 1275 4672 custodis
1291 4622 1446 4687 parentum
1464 4618 1542 4673 here-

495 4706 551 4770 dis,
571 4721 605 4759 eo
624 4701 702 4774 quod
718 4699 843 4755 heredes
861 4698 939 4755 infra
954 4704 1068 4755 aetetem
1090 4699 1208 4764 fuerint,
1223 4699 1359 4755 custodes
1372 4700 1417 4755 illi
1428 4707 1540 4758 vastum
