3609 5800
423 911 676 966 renuerasrrvn
698 915 743 964 or
763 915 833 966 nnn
855 915 966 968 unior
988 919 1033 968 or
1055 919 1176 971 emur
1198 921 1250 972 111.
1295 909 1361 975 315

311 1088 386 1153 eliis
415 1089 458 1155 eb
490 1089 604 1154 eodem
637 1092 758 1156 nuntio
789 1091 886 1156 nobis
916 1092 1046 1178 plenius
1068 1094 1229 1180 expositis
1249 1116 1364 1184 parere

312 1191 472 1257 vellemus
494 1196 534 1257 ut
563 1197 722 1272 tenemur,
747 1194 851 1258 variis
874 1199 987 1259 temen
1009 1195 1219 1282 negotiorum
1241 1202 1365 1266 tracte·

312 1293 402 1359 tibus
425 1299 594 1360 eteorum
617 1295 892 1382 perplexitatibus
921 1296 1018 1362 nobis
1048 1299 1089 1363 de
1119 1300 1174 1364 die
1207 1300 1244 1365 in
1274 1301 1363 1367 diem

310 1417 407 1484 super
428 1397 515 1464 fecto
538 1397 696 1464 Lewelini
710 1399 772 1463 filii
796 1397 927 1463 Griffini
950 1404 984 1464 et
999 1400 1206 1488 complicium
1228 1423 1363 1470 suornm

311 1499 520 1565 inimicorum
542 1505 730 1566 nostrorum
754 1501 1024 1567 incumbentibus
1046 1503 1099 1568 his
1128 1505 1254 1584 diebus,
1278 1507 1364 1574 circa

311 1603 554 1689 expeditionem
599 1603 806 1690 negotiorum
852 1604 1084 1690 praedictorum
1122 1608 1165 1672 ad
1209 1629 1362 1694 praesens,

312 1705 456 1770 maxime
499 1707 607 1791 quood
645 1704 816 1792 negotium
865 1705 1062 1792 praedictum
1100 1708 1361 1796 Biggoriaeense,

311 1807 585 1894 Armcynecense,
609 1813 643 1872 et
666 1806 926 1888 Fenentisoense,
953 1829 1013 1874 nec
1038 1811 1270 1896 praedictorum
1292 1815 1363 1900 epi·

310 1914 502 1996 scopatuum
525 1910 734 1996 diligentiam
757 1908 840 1975 non¹
865 1911 1036 1997 potuimus
1057 1912 1234 1995 adhibere3
1264 1917 1361 2002 quod,

310 2013 338 2077 si
358 2013 475 2099 placet,
499 2015 646 2098 graviter
666 2035 730 2078 non
755 2012 877 2078 feratis.

356 2115 564 2202 Quapropter
595 2115 823 2181 celsitudinem
849 2119 996 2180 vestram
1028 2122 1153 2202 quanta
1190 2140 1363 2204 possumus

309 2217 482 2283 effectione
506 2217 703 2304 requirimus
727 2223 761 2283 et
787 2233 950 2304 rogemus,
966 2223 1129 2304 quatenus
1151 2218 1233 2286 illud
1259 2243 1363 2308 usque

309 2320 352 2386 ed
374 2320 496 2385 festum
518 2320 723 2386 Pentecostis
754 2321 906 2408 proximo
928 2319 1081 2386 futurum
1102 2329 1285 2410 respectere
1306 2346 1362 2391 ve

308 2421 385 2488 litis.
431 2421 523 2487 Tune
561 2423 649 2488 enim
686 2423 852 2511 praedictis
888 2423 1030 2509 negotiis
1066 2425 1188 2490 nostris
1225 2425 1361 2492 interim

308 2523 438 2612 plenius
477 2525 641 2612 expeditis
679 2521 875 2590 mandatum
913 2529 1063 2590 vestrum
1093 2526 1132 2590 in
1168 2527 1230 2592 bac
1267 2534 1361 2614 parte

308 2626 422 2692 taliter
443 2626 574 2713 explere
589 2625 786 2707 curabimus,
803 2627 893 2714 quod
915 2624 994 2692 inde
1016 2627 1180 2694 debebitis
1201 2649 1270 2695 esse
1284 2651 1360 2698 con·

309 2729 404 2808 tenti,
427 2727 572 2794 Domino
595 2730 801 2795 concedente.
1533 2803 1540 2812 ¹

353 2830 404 2896 De
426 2830 514 2896 facto
536 2835 649 2896 eutem
673 2831 819 2897 Simonis
849 2831 891 2896 de
922 2829 1039 2896 Monte
1070 2830 1167 2899 Furti
1196 2833 1279 2901 scire
1300 2853 1360 2901 vos
1372 2849 1517 2904 meusne

307 2935 460 2999 volumus
481 2936 569 3021 quod
595 2957 634 3001 eu
658 2956 732 3020 quae
757 2935 800 2999 ad
823 2955 934 3022 preces
957 2939 1084 3001 vestras
1104 2936 1135 3001 ei
1158 2958 1264 3025 nuper
1285 2918 1504 3037 mima

307 3036 451 3113 tulimus,
476 3057 544 3102 non
567 3037 610 3103 ob
632 3058 768 3103 suorum
791 3036 996 3123 exigentiam
1018 3060 1161 3119 suorum,
1176 3040 1234 3105 sed
1256 3040 1361 3106 vestri
1373 3050 1399 3101 S.
1407 3052 1530 3105 delient-
1662 3052 1667 3059 ⁴

308 3143 441 3203 tentum
466 3139 689 3206 reverentiam
712 3160 825 3205 sumus
855 3139 1037 3225 adimplere
1062 3141 1189 3226 pereti3
1212 3141 1302 3226 quod
1331 3143 1360 3207 si
1371 3117 1530 3250 2¹2&er

308 3243 351 3307 ud
365 3264 509 3329 praesens
523 3242 701 3307 admittere
716 3241 929 3321 recusaverit,
946 3242 989 3306 ad
1003 3242 1065 3308 hoc
1080 3243 1162 3308 alies
1177 3265 1359 3330 regressum
1372 3250 1443 3311 salter
1456 3252 1481 3301 if
1487 3268 1528 3304 re-

309 3366 383 3409 cum
413 3344 557 3409 voluerit
583 3365 650 3410 non
673 3342 819 3410 habebit.
865 3342 1028 3429 Alioquin
1057 3344 1095 3409 in
1116 3353 1255 3433 regnum
1284 3370 1359 3414 nos
1371 3318 1518 3449 fflffiw’

306 3450 395 3511 trum
411 3446 527 3512 veniat
548 3446 610 3511 sub
630 3446 722 3511 solvo
744 3445 917 3524 conductu,
933 3465 1032 3530 quem
1053 3447 1086 3511 ei
1107 3447 1180 3512 fieri
1194 3448 1358 3530 faciemus,
1371 3453 1504 3503 ¹¹0th

306 3570 403 3636 super
417 3546 602 3615 excessibus
616 3547 757 3635 propriis
773 3552 807 3612 et
821 3568 889 3612 non
905 3547 1033 3613 delictis
1047 3549 1153 3635 petris
1175 3550 1235 3628 sui,
1252 3551 1360 3637 (prop-
1371 3519 1466 3571 m

306 3656 358 3718 ter
381 3672 455 3737 quae
478 3656 590 3716 tamen
617 3651 657 3715 de
677 3649 753 3735 jure
776 3648 870 3736 regni
892 3672 913 3713 a
936 3651 1136 3716 successione
1160 3650 1361 3720 hereditaria

306 3753 425 3819 merito
448 3756 533 3819 esset
568 3752 775 3839 privandus)
806 3772 880 3837 quae
909 3750 974 3816 sibi
1002 3752 1158 3818 nolumus
1191 3754 1360 3841 imputari,

305 3854 451 3921 lecturus
481 3858 516 3919 et
537 3859 727 3943 recepturus
750 3852 838 3940 quod
871 3854 1050 3919 seeundum
1075 3855 1182 3942 legem
1206 3860 1241 3921 et
1266 3859 1360 3944 regni

312 3958 420 4023 nostri
465 3957 735 4023 consuetudinem
771 3956 873 4021 fuerit
910 3956 1105 4021 faciendum.
1174 3957 1360 4025 Oomitissee

307 4080 437 4147 quoque
472 4056 669 4145 Leyoestriec
706 4058 854 4144 prompti
886 4078 998 4123 sumus
1035 4058 1141 4124 fecere
1170 4060 1258 4145 quod
1293 4060 1358 4125 sibi

305 4160 514 4227 meminimus
537 4160 618 4225 alias
641 4158 838 4247 promisisse,
860 4159 916 4225 vel
938 4158 1000 4225 sub
1016 4160 1181 4226 conductu
1196 4162 1359 4227 consimili

304 4265 347 4330 cd
368 4268 480 4351 partes
502 4268 630 4330 nostras
653 4262 794 4340 accedat,
810 4265 911 4349 prout
930 4262 985 4326 lex
1000 4267 1035 4328 et
1049 4262 1250 4329 consuetudo
1264 4264 1358 4351 regni

304 4368 410 4433 nostri
433 4364 652 4453 postulaverit
674 4359 854 4451 receptura.

349 4468 515 4535 Praeterea
545 4488 643 4554 super
671 4466 803 4554 injuriis
826 4469 861 4532 et
883 4466 1013 4531 demnis
1040 4486 1114 4552 quse
1139 4486 1198 4553 per
1220 4468 1294 4533 illos
1316 4468 1358 4534 de
1368 4489 1416 4542 All
1425 4492 1505 4557 possi-

305 4572 458 4659 Quinque
479 4569 645 4637 Portubus
667 4569 787 4635 vestris
817 4566 1055 4635 mercatoribus
1077 4568 1172 4635 illata
1193 4558 1518 4677 dicunturfflge‘ffl

520 4799 527 4830 ¹
546 4812 589 4847 neo
606 4833 612 4848 .
632 4834 639 4849 .
658 4833 664 4847 .
683 4796 742 4863 eron]
763 4794 798 4849 so
809 4793 874 4858 Ms,
886 4794 993 4860 perhaps
1004 4796 1133 4861 correctly.
