3609 5800
461 894 713 946 rmusrssrrvr
735 894 779 943 or
803 894 873 944 rua
895 892 1004 943 arros
1026 893 1071 941 or
1094 894 1216 943 emar
1238 895 1289 943 111.
1358 874 1401 945 79

348 1071 412 1136 sibi
435 1078 470 1137 et
492 1071 566 1137 aliis
589 1069 799 1157 magnatibus
821 1074 920 1137 terrae
941 1068 1037 1135 faetae
1051 1068 1189 1135 fuerunt·
1201 1070 1238 1135 in
1252 1070 1404 1157 partibus

350 1172 543 1253 Waeooniae,
568 1192 651 1259 quas
680 1172 769 1237 dixit
798 1194 833 1239 se
856 1170 953 1237 vobis
977 1168 1197 1258 significasse,1
1225 1177 1260 1237 et
1284 1178 1324 1237 ut
1349 1192 1405 1237 ees

350 1275 518 1341 emendari
547 1274 696 1341 faeeretis
730 1272 927 1340 multociens
963 1272 1145 1341 literatorie
1189 1294 1330 1360 rogasse,
1362 1274 1405 1339 ad

351 1378 572 1445 defensionem
602 1398 697 1443 suem
734 1392 847 1443 omnes
880 1376 924 1441 nd
955 1376 1018 1443 hoo
1048 1398 1084 1443 se
1114 1377 1405 1457 eonoordaverrmt

349 1484 384 1545 et
406 1500 474 1547 non
496 1480 539 1545 ad
562 1479 666 1547 vestri
688 1478 828 1543 dominii
850 1479 1025 1545 laesionem
1068 1478 1159 1559 Quas
1180 1480 1406 1545 exeusationes

350 1581 474 1648 debiles
497 1586 647 1647 tenemus
670 1584 705 1647 et
727 1580 835 1667 quoad
854 1580 917 1647 hoo
937 1578 1180 1649 insufficientes.

392 1684 457 1751 His
479 1684 613 1762 auditis,
637 1684 681 1749 ad
706 1684 842 1750 fratrem
867 1688 1016 1751 vestrum
1038 1688 1074 1749 et
1095 1682 1277 1751 exereitum
1298 1684 1405 1750 adivi-
1417 1690 1467 1741 We
1478 1689 1538 1739 then

350 1808 432 1868 mus,
465 1786 645 1853 referentes
675 1786 722 1851 eis
752 1785 979 1873 responsiones
1008 1791 1044 1853 at
1066 1786 1157 1853 diets
1186 1786 1318 1853 illorum
1347 1786 1406 1873 qui
1417 1756 1537 1876 {ffi‘d

349 1889 486 1955 fuerunt
507 1889 544 1955 in
568 1888 703 1977 Regula
1419 1905 1496 1954 army.

394 1991 558 2058 Dominus
580 2012 659 2057 vero
685 1988 945 2077 archiepiscopus
967 1992 1003 2057 at
1024 1991 1194 2078 episeopus
1216 1990 1408 2057 vasatensis
1420 2008 1476 2059 tue
1490 2006 1562 2058 areh-

352 2097 387 2160 st
417 2092 519 2161 aeteri
552 2093 693 2159 barones
719 2097 817 2159 terrm
839 2091 964 2159 ibidem
985 2098 1171 2180 praesentes,
1202 2093 1260 2181 qui
1281 2075 1574 2159 eatumb³⁸¹¹⁰1³⁸⁰⁶

1420 2142 1504 2192 others
1514 2142 1575 2191 then

350 2202 448 2263 terroe
473 2200 508 2262 et
535 2195 633 2263 eorde
655 2194 827 2261 hominum
850 2200 1065 2281 agnoverant,
1085 2196 1237 2262 videntes
1262 2195 1558 2283 perieulasmeeedeu

351 2304 385 2364 et
416 2299 538 2365 demna
572 2320 647 2383 ques
678 2296 772 2363 vobis
802 2302 837 2363 et
868 2300 967 2364 terrae
997 2302 1117 2363 vestrae
1159 2298 1305 2365 assidere
1335 2274 1564 2391 pos-{nfflnss

352 2406 435 2479 sent,
479 2401 531 2467 his
568 2398 692 2479 diebus,
729 2399 766 2465 in
801 2399 888 2465 feeto
925 2400 1000 2478 isto,
1036 2399 1065 2466 si
1104 2398 1229 2466 fretum
1271 2400 1407 2487 Regulse

354 2508 389 2567 st
423 2502 465 2569 ds
500 2502 625 2569 Vasato
656 2502 703 2567 sie
740 2500 777 2565 in
814 2522 936 2588 guerra
969 2502 1036 2567 ista
1067 2507 1297 2589 perseveraret,
1335 2506 1407 2567 tum

352 2613 488 2697 propter
522 2606 682 2694 quosdam
719 2606 858 2673 barones
892 2612 928 2673 et
950 2606 1093 2687 villatas,
1130 2612 1165 2673 et
1195 2608 1317 2674 multos
1351 2606 1408 2693 qui

352 2732 386 2775 se
419 2710 457 2775 in
499 2730 617 2797 guerra
654 2709 720 2775 ista
752 2708 961 2796 appositores
991 2730 1059 2775 esse
1092 2710 1319 2788 eredebantur,
1350 2710 1409 2796 qui

354 2812 503 2877 nondum
552 2832 586 2878 se
631 2814 864 2900 apposuenmt,
904 2832 979 2877 eum
1016 2817 1152 2900 propter
1188 2813 1408 2879 munitionem

353 2919 580 3006 opponendam
619 2919 656 2982 in
695 2921 803 2984 oestro
833 2921 945 2984 vestro
982 2918 1023 2984 de
1062 2919 1190 3007 Regulo
1226 2921 1315 3007 quod
1350 2941 1410 3007 per

353 3043 505 3109 guerram
543 3020 617 3086 fieri
658 3041 726 3087 non
764 3024 875 3108 posset
913 3019 984 3086 sine
1021 3022 1169 3087 maximo
1199 3023 1342 3108 periculo
1374 3027 1410 3088 et

354 3123 546 3202 homicidiis,
579 3145 638 3210 pro
673 3123 820 3188 maxime
850 3121 1038 3189 munitione
1072 3145 1145 3210 quae
1178 3122 1245 3190 fuit
1270 3125 1307 3189 in
1328 3125 1411 3190 villa

356 3225 501 3312 Regulae,
537 3247 610 3310 quoe
645 3245 680 3290 se
710 3228 890 3312 opponeret
920 3246 995 3290 eum
1026 3227 1275 3311 perturbatione
1304 3227 1410 3293 totius

355 3333 462 3407 terrie,
494 3349 568 3393 eum
606 3348 666 3414 pro
697 3327 817 3392 itinere
846 3326 1061 3414 praelstorum
1091 3332 1126 3394 et
1162 3329 1323 3394 baronum
1353 3330 1412 3416 qui

356 3430 481 3494 advos
504 3429 540 3494 in
563 3428 721 3514 Anglism
744 3429 815 3494 sine
837 3449 918 3516 paee
940 3429 995 3494 vel
1017 3433 1136 3516 treuga
1157 3429 1199 3494 ed
1215 3450 1275 3497 vos
1296 3431 1410 3496 venire

357 3531 516 3596 nolebant
539 3552 600 3596 neo
630 3529 818 3612 audebant;
852 3534 926 3596 tum
951 3530 1030 3616 quia
1051 3551 1166 3596 omnes
1187 3533 1262 3598 istae
1283 3539 1411 3620 pertur-

356 3633 507 3699 bationes
538 3633 576 3698 in
607 3637 697 3699 terra
727 3631 887 3720 praedicto
912 3637 1039 3698 statum
1062 3633 1185 3699 bonum
1209 3656 1322 3722 capere
1343 3657 1410 3701 non

356 3739 515 3821 poterunt
537 3735 607 3800 sine
640 3735 775 3800 oonsilio
799 3740 928 3816 veetr03
961 3756 1021 3822 pro
1052 3737 1206 3802 omnibus
1230 3738 1304 3802 istis
1324 3738 1409 3825 peri-

357 3836 437 3902 culis
459 3837 626 3903 evitandis
656 3835 751 3902 irstri
780 3841 900 3914 vestro,
924 3837 1021 3902 nobis
1051 3841 1086 3903 et
1116 3837 1233 3904 ueteris
1257 3838 1410 3905 fidelibus

357 3940 485 4016 vestris
515 3938 560 4004 ed
592 3944 744 4026 treugam
777 3937 982 4026 capiendam
1014 3937 1094 4024 quie
1123 3961 1190 4027 pax
1220 3941 1291 4006 sine
1315 3942 1411 4008 vobis

357 4063 425 4107 esse
458 4061 527 4107 non
557 4045 676 4128 posset,
708 4041 880 4107 eonsilium
911 4039 1083 4107 dedemmt
1130 4041 1212 4122 Quae
1238 4047 1336 4130 eapte
1361 4049 1412 4109 eet

362 4165 465 4230 usque
487 4143 532 4208 ad
553 4143 674 4209 festum
691 4143 722 4210 S.
738 4143 761 4208 J
764 4143 903 4209 ohannis
919 4143 1091 4230 Baptistae,
1107 4144 1193 4210 siout
1207 4145 1326 4210 melius
1340 4145 1412 4210 fieri

358 4245 470 4331 potuit
491 4245 544 4310 his
567 4245 683 4312 diebus
705 4266 764 4332 per
785 4245 899 4310 fideles
921 4251 1056 4313 vestros.

404 4345 569 4412 Praeterea
603 4351 725 4436 petunt
765 4347 895 4434 praelati
941 4351 977 4413 et
1014 4349 1152 4414 barones
1189 4348 1295 4414 vestri
1331 4349 1548 4434 quosTherrc-

359 4469 476 4515 vocare
515 4449 639 4516 fecistis
669 4471 728 4537 per
758 4449 873 4517 literas
904 4455 1038 4532 vestras,
1070 4451 1099 4516 si
1128 4451 1172 4516 ad
1201 4471 1262 4517 vos
1300 4452 1414 4518 venire
1425 4419 1551 4536 mind

427 4759 433 4788 ¹
453 4758 616 4825 sipuificusre]
635 4759 737 4810 Blotted
748 4766 792 4810 out
802 4760 837 4825 by
848 4761 920 4825 gallo.
954 4760 979 4813 It
989 4777 1041 4813 was
1051 4763 1112 4812 read
1122 4765 1157 4828 by
1168 4762 1322 4830 Brequigny.
