3609 5800
445 903 694 954 lunusmulvn
717 905 760 952 01³
783 903 854 952 Tus
877 901 984 951 umen
1009 903 1053 950 OF
1077 901 1200 950 HENRY
1224 899 1274 948 111.
1324 887 1386 950 159

338 1088 374 1148 et
389 1083 562 1150 Nicolaum
589 1083 630 1148 dc
653 1083 740 1169 Seyo
762 1081 915 1147 clericum
939 1083 1087 1146 vestrum
1114 1083 1243 1146 nostros
1268 1077 1389 1143 consti·

339 1185 464 1251 tuimns
487 1191 721 1273 procuratores,
752 1185 795 1250 ud
818 1183 999 1270 petendum
1024 1184 1149 1250 curiam
1179 1187 1327 1248 nostrum
1356 1183 1391 1245 et

339 1293 483 1353 vestram
506 1288 547 1354 de
583 1288 749 1376 praedictis
780 1286 964 1374 Reginuldo
991 1291 1025 1352 et
1056 1285 1252 1374 Mergurete¹
1283 1290 1319 1350 et
1348 1283 1391 1348 ad

338 1391 503 1477 egendum
539 1396 574 1457 ct
615 1389 857 1457 defendendum
895 1410 1027 1456 causum
1057 1395 1205 1454 nostrum
1235 1387 1271 1452 in
1301 1385 1391 1452 cuna

341 1492 422 1558 dicti
452 1493 539 1580 regis
561 1497 676 1560 contra
704 1493 792 1579 ipsos
819 1497 854 1558 et
877 1511 1099 1579 quoscumque
1122 1491 1203 1556 elios
1230 1491 1271 1556 de
1297 1487 1391 1554 nobis

340 1600 584 1681 conquerentes,
607 1597 637 1661 si
663 1617 745 1683 opus
769 1595 873 1661 fuerit
895 1600 931 1661 et
957 1595 1105 1660 viderint
1131 1593 1292 1682 expedire.

385 1697 431 1761 Et
460 1697 539 1784 quis
567 1697 691 1764 factum
720 1698 813 1764 istud
842 1698 1013 1785 potissime
1051 1695 1161 1782 tangit
1191 1717 1259 1776 vos,
1298 1695 1391 1760 vobis
1403 1711 1558 1845 ξίιὲεειέοὲιά

1497 1797 1510 1830 Θ
1528 1796 1540 1830 8

340 1799 534 1864 mandemus
556 1800 644 1886 quod
665 1800 781 1866 stetim
806 1800 888 1865 visis
911 1799 1016 1866 literis
1039 1798 1214 1885 praefetum
1239 1797 1390 1862 clericum
1403 1846 1431 1894 in
1444 1847 1487 1896 the

340 1906 487 1966 vestrum
502 1923 600 1989 super
613 1903 789 1992 pnemissis
809 1901 1009 1968 instructum
1034 1901 1076 1966 od
1097 1899 1222 1966 curium
1243 1899 1391 1987 praedicti
1404 1919 1494 1962 matur

340 2005 428 2090 regis
453 2005 599 2071 mittetis
620 2012 736 2072 contre
750 2005 839 2071 diem
861 2005 1066 2093 praedictum,
1082 2004 1125 2068 mi
1146 2001 1392 2068 insermendum
1405 1979 1525 2044 tonsor.

341 2107 470 2192 plenius
492 2109 687 2194 predictum
718 2109 916 2194 magistrum
946 2127 1044 2194 super
1077 2104 1324 2172 conservatione
1358 2109 1393 2170 ot

341 2210 529 2276 defensione
555 2211 643 2297 juris
675 2212 784 2277 nostri
817 2208 980 2276 sivestri
1001 2210 1037 2274 in
1069 2209 1130 2274 hee
1160 2213 1262 2296 purte,
1286 2211 1321 2273 et
1349 2206 1393 2272 ad

341 2312 520 2399 petendum
552 2313 677 2380 curium
713 2319 862 2380 nostram
898 2319 934 2380 et
966 2317 1112 2380 vestrum
1150 2311 1191 2377 de
1225 2309 1393 2398 prsedictis

342 2414 554 2503 R[egineldo]
588 2423 624 2482 et
655 2414 874 2504 margarete]
909 2437 1006 2502 super
1039 2415 1172 2501 negotio
1204 2417 1392 2479 memorato.

341 2517 387 2584 Et
408 2519 547 2585 obtentu
569 2520 660 2585 curie
682 2519 740 2584 ills
761 2518 877 2585 stetim
899 2519 998 2584 dictis
1021 2516 1203 2604 Reginuldo
1234 2521 1268 2582 et
1291 2516 1393 2602 M[er·

341 2623 468 2708 gorea]
491 2627 617 2688 certum
639 2623 727 2690 diem
761 2621 942 2709 praefigetis
973 2619 1062 2708 apud
1085 2618 1326 2706 Burdegsliem,
1348 2618 1392 2682 ed

340 2724 580 2810 preoedendum
602 2747 700 2812 super
721 2725 807 2792 fecto
829 2723 998 2811 praedicto,
1021 2725 1121 2810 prout
1143 2721 1184 2788 de
1202 2719 1277 2808 jure
1292 2719 1393 2786 fuerit

342 2826 534 2894 faciendum

386 2932 483 2998 Teste
520 2936 560 2997 ut
597 2952 704 3019 suprs
774 2930 879 3019 [Rege
916 2932 1005 3019 apud
1050 2928 1389 3010 westmonasterium,

342 3033 496 3101 vicesimo
518 3040 614 3101 sexto
636 3033 691 3099 die
714 3033 886 3115 Octobris;
909 3056 966 3121 per
988 3032 1184 3119 eonsilium]

821 3478 923 3547 DXL

345 3620 474 3686 Hnnnr
497 3618 563 3687 III.
587 3636 629 3685 ro
653 3621 847 3689 anrnsun
868 3639 916 3689 un
940 3620 1173 3702 Omnium,
1188 3620 1393 3689 Ssussonm
1407 3630 1464 3682 oo.
1477 3638 1516 3692 26,

701 3742 746 3791 or
768 3726 933 3805 Lmooss,
949 3742 1018 3791 mc.
1409 3702 1487 3749 ¹²⁶⁰''

521 3858 592 3923 (not
605 3858 689 3911 Oluus
702 3864 735 3910 44
747 3858 815 3911 Heu.
827 3860 877 3912 III.
886 3874 912 3925 p.
926 3864 948 3922 1,
962 3862 1053 3911 memb.
1063 3864 1078 3910 2
1090 3858 1118 3909 in
1130 3860 1228 3925 dorso.)

390 3972 462 4039 Rex
494 3972 666 4041 Bertremo
699 3974 739 4041 de
763 3972 924 4054 Oerdilso,
956 3974 1131 4041 senescallo
1163 3998 1222 4042 suo
1244 3974 1456 4041 Lemovi-We
1470 3988 1549 4041 uank

345 4078 442 4159 censi,
466 4077 671 4157 Osturoensi,
694 4083 729 4144 et
751 4076 1021 4165 Petregoricensi,
1045 4078 1192 4145 salutem
1406 4058 1531 4189 {ffir-

390 4180 497 4268 Super
518 4180 677 4247 continue
699 4180 922 4247 sollicitudine
944 4203 1045 4268 quem
1066 4202 1126 4269 pro
1148 4178 1393 4247 conservatione
1406 4190 1482 4241 vices.

340 4280 467 4365 jurium
497 4288 686 4349 nostrorum
716 4282 753 4349 in
784 4282 936 4372 pertibus
967 4284 1089 4351 vestris
1119 4282 1327 4371 impendatis,
1359 4286 1394 4348 et

345 4384 469 4451 dehoc
490 4386 578 4473 quod
601 4386 642 4454 de
665 4392 759 4453 stetu
779 4391 879 4454 terrae
910 4394 1032 4476 nostrae
1056 4388 1092 4453 in
1114 4386 1262 4453 custodie
1283 4390 1394 4452 vestm

346 4488 517 4554 existentis
554 4494 589 4554 et
628 4489 669 4555 de
705 4488 778 4554 eliis
815 4490 958 4577 nogotiis
1002 4512 1062 4556 nos
1099 4487 1314 4577 tangentibus
1359 4489 1395 4552 in

380 4738 388 4767 ¹
405 4736 461 4827 'Phe
471 4738 545 4789 letter
555 4736 578 4787 is
593 4738 726 4798 unduted3
745 4738 801 4790 Oet
814 4742 845 4788 26
862 4738 885 4789 is
901 4740 945 4790 the
965 4738 1022 4791 oste
1036 4738 1066 4789 of
1080 4738 1123 4789 the
1142 4744 1215 4805 cutry
1225 4737 1396 4802 immediately

346 4828 468 4879 menum.
