3609 5800
457 848 498 912 58
621 862 737 915 noran
760 862 832 915 auu
854 864 970 913 ornan
992 862 1197 913 nrsromcau
1220 864 1368 917 nrrmas

288 1054 401 1107 chaam
500 1052 644 1119 Noverit
680 1056 793 1119 vestro
823 1050 977 1137 majestas
1013 1052 1105 1141 regia
1136 1054 1225 1140 quod
1261 1054 1414 1119 dominus
1450 1074 1511 1119 rex

286 1122 436 1255 iffi&
458 1154 643 1221 Richardus
664 1154 744 1221 fecit
759 1154 914 1223 Castrum
937 1154 1047 1221 Dusar
1068 1155 1104 1220 in
1129 1177 1189 1222 sua
1208 1156 1341 1244 propria
1366 1160 1457 1222 terra
1475 1158 1512 1221 et

284 1255 353 1375 {iffi
383 1324 400 1374 d
456 1257 629 1347 populavit
656 1258 744 1323 idem
774 1258 842 1324 suis
864 1258 1004 1346 propriis
1025 1257 1224 1340 hominibus,
1246 1259 1342 1325 bonis
1363 1256 1510 1325 moribus

354 1338 408 1385 ar,
455 1364 489 1427 et
511 1359 815 1439 consuetudinibus,
845 1363 880 1427 et
905 1362 1017 1427 tenuit
1054 1383 1129 1428 enm
1160 1364 1326 1448 quantum
1352 1359 1451 1439 vixit,
1475 1364 1511 1426 et

454 1463 582 1531 dimisit
604 1486 679 1531 eum
711 1463 844 1530 domino
870 1464 942 1551 regi
964 1464 1113 1531 Johanni
1134 1465 1220 1531 sicut
1251 1465 1351 1531 aliam
1385 1468 1509 1530 terram

453 1588 554 1633 suam.

284 1679 413 1731 andcom·
499 1670 664 1736 Proeterea
693 1690 753 1734 rex
783 1669 954 1736 Johannee
982 1669 1103 1735 habuit
1135 1692 1288 1758 guerram
1327 1690 1402 1734 cum
1431 1688 1509 1755 rege

283 1745 433 1877 ffid‘j-{ffi
456 1770 604 1839 Franciae
627 1775 661 1837 et
688 1793 762 1836 cum
786 1772 932 1839 Gestone
959 1774 1000 1839 de
1022 1772 1164 1839 Beamio
1186 1777 1223 1839 et
1256 1793 1330 1837 cnm
1354 1769 1509 1837 omnibus

282 1880 363 1959 rothe
454 1875 528 1941 aliis
550 1873 721 1939 Vascouiae
744 1874 924 1940 baronibus
950 1879 985 1940 et
1006 1875 1147 1941 vasallis.
1193 1875 1360 1941 Praeterea
1381 1895 1509 1960 guerrae

282 1952 418 2073 ffiffi,
455 1998 533 2065 pace
565 1978 748 2066 composita¹
779 1977 931 2042 dominus
961 1998 1021 2043 rex
1055 1977 1227 2044 Johanues
1265 1975 1509 2042 commendavit

282 2079 398 2130 wh⁰¹²²⁸
454 2080 642 2147 vicecomiti
675 2078 881 2145 Tartaseensi
914 2078 1074 2165 oppidum
1106 2078 1321 2157 antedictum,
1355 2083 1390 2144 et
1422 2078 1509 2143 vice-

282 2145 560 2277 {issiifficomes
577 2180 706 2267 juravit
736 2180 810 2259 sibi,
832 2201 867 2246 se
889 2185 985 2245 sexto
1008 2180 1049 2247 de
1071 2180 1244 2258 militibus,
1267 2179 1356 2265 quod
1378 2184 1509 2245 teneret

280 2250 543 2396 {iflltzdminyidcm
566 2287 709 2349 castrum
733 2281 799 2347 illis
828 2283 975 2348 moribus
999 2288 1033 2348 et
1063 2282 1357 2348 consuetudinibus
1387 2282 1508 2367 quibus

283 2362 389 2473 eccleis,
454 2387 607 2453 dominns
637 2407 697 2451 rex
727 2384 886 2451 Ricardus
917 2384 1001 2451 illud
1039 2383 1162 2450 fecerat
1190 2384 1350 2470 populari.
1411 2384 1507 2463 Quod

281 2480 418 2595 arumde
453 2491 561 2556 dictus
583 2490 761 2556 vicecomes
783 2488 893 2553 tenuit
917 2509 976 2573 per
999 2508 1104 2552 unum
1126 2508 1252 2552 annum
1273 2486 1506 2552 tantummodo

281 2552 401 2664 fodbffledr
452 2597 487 2658 et
525 2598 592 2659 tres
632 2612 766 2657 menses.
827 2590 917 2655 Nam
955 2589 992 2654 in
1030 2588 1175 2676 quadam
1213 2594 1310 2655 nocte
1350 2588 1428 2655 festi
1469 2588 1505 2653 B.

281 2679 417 2801 tneireglle-
453 2694 601 2783 Gregorii
628 2694 707 2759 iecit
729 2693 921 2779 congregari
952 2713 1065 2758 omnes
1096 2692 1246 2758 homines
1271 2691 1372 2758 castri
1397 2712 1507 2757 coram

281 2760 341 2810 81²ss
372 2786 378 2801 '
451 2820 494 2875 so,
510 2802 545 2862 et
569 2796 656 2883 cepit
678 2816 733 2861 eos
756 2801 790 2860 et
812 2795 989 2874 destruxit,
1006 2800 1041 2860 et
1056 2794 1217 2880 quosdam
1230 2794 1363 2861 illorum
1378 2795 1505 2874 cecidit,

449 2905 485 2966 et
506 2896 647 2966 abstulit
679 2899 725 2962 eis
755 2897 953 2984 plusquam
979 2897 1115 2964 valeant
1143 2903 1277 2964 centum
1303 2897 1410 2963 millia
1430 2899 1506 2964 soli-

450 3003 566 3067 dorum
589 3000 819 3081 morlauorum,
835 3004 869 3065 et
883 2999 962 3065 fecit
976 3021 1031 3065 eos
1041 2999 1155 3086 jurare
1170 3001 1259 3087 quod
1272 3022 1442 3087 nimquam
1463 3021 1506 3066 cx

449 3106 511 3171 hoc
532 3103 631 3169 alicui
657 3106 943 3188 conquererentur,
964 3107 999 3168 et
1030 3104 1132 3170 etiam
1153 3103 1234 3170 fecit
1256 3104 1415 3191 quosdam
1435 3105 1508 3170 illo·

389 3239 393 3247 ·
449 3229 523 3272 rum
541 3207 654 3293 jurare
669 3203 758 3292 quod
779 3225 950 3290 nunquam
965 3211 1138 3273 manerent
1160 3207 1201 3272 de
1223 3213 1330 3273 cetero
1346 3207 1407 3274 sub
1422 3208 1508 3294 regis

451 3309 583 3396 Angliee
606 3311 780 3394 potestate,
804 3311 839 3374 et
869 3307 964 3374 dedit
991 3309 1150 3397 quosdam
1172 3331 1216 3375 ex
1238 3309 1286 3375 eis
1308 3310 1506 3396 quibusdam

451 3411 622 3490 militibus,
656 3413 690 3474 et
720 3409 815 3475 dedit
852 3431 894 3474 ex
928 3410 1010 3497 ipsis
1044 3411 1168 3498 viginti
1203 3412 1286 3477 duas
1323 3412 1508 3478 mansiones

452 3512 588 3580 Giraldo
611 3513 652 3578 dc
669 3511 842 3600 Gueirope,
857 3535 940 3600 quas
961 3513 1050 3579 idem
1074 3512 1230 3579 Gimldus
1253 3513 1346 3581 dedit
1371 3515 1507 3601 Templo

451 3637 511 3704 pro
534 3615 676 3700 quadam
698 3615 764 3680 alia
786 3615 915 3701 Templi
936 3621 1034 3696 terra,
1057 3622 1092 3681 ct
1115 3614 1208 3683 dedit
1230 3637 1273 3681 ex
1296 3617 1342 3682 eie
1357 3617 1506 3683 Amaldo
1594 3625 1597 3630 ’

451 3720 493 3784 de
529 3719 730 3795 Montauser,
753 3721 788 3782 et
811 3717 981 3784 Bernardo
1011 3719 1052 3785 de
1085 3721 1237 3799 Monone,
1262 3726 1296 3786 et
1329 3721 1428 3786 Petro
1465 3721 1505 3786 de

451 3820 651 3908 Bielemjean
676 3820 840 3884 militibus
863 3822 1112 3906 quatuordecim
1134 3824 1328 3900 mansionen,
1343 3827 1378 3888 et
1396 3828 1505 3889 totum

450 3923 512 3990 hoc
535 3929 585 3989 est
609 3923 650 3988 de
673 3922 876 4008 pertinentia
898 3922 981 3990 dicti
997 3923 1105 3989 Castri
1121 3925 1230 3990 Dusar
1252 3931 1286 3992 et
1308 3925 1349 3990 de
1371 3926 1506 4013 popula-

451 4028 542 4093 tione
564 4025 649 4113 regis
677 4024 817 4090 Ricardi

281 4139 337 4220 The
349 4141 401 4192 carl
413 4141 443 4193 of
497 4129 597 4196 Unde
620 4129 704 4193 hanc
727 4125 905 4194 veritatem
927 4133 963 4194 et
984 4117 1151 4214 querelam
1173 4130 1377 4196 ostendimus
1392 4131 1506 4197 multis

279 4207 440 4326 fflffled
451 4232 650 4299 ballivorum
686 4233 880 4308 vestrorum,
912 4230 970 4316 qui
1006 4230 1138 4298 nullum
1174 4232 1297 4298 ibidem
1335 4234 1506 4300 consilium

281 4339 421 4406 deputes
451 4337 640 4422 posueruut,
664 4333 765 4398 donec
794 4353 854 4420 per
880 4329 945 4398 Dei
966 4333 1108 4421 gratiam
1139 4333 1291 4400 dominus
1320 4335 1436 4402 Simon
1466 4337 1507 4402 de

280 4409 413 4541 3325
453 4437 568 4502 Monte
584 4435 686 4514 Foru,
710 4455 816 4500 comes
839 4433 1034 4516 Leicestriae,
1051 4436 1145 4504 venit
1166 4438 1203 4501 in
1224 4437 1429 4522 vasconiam,
1453 4441 1508 4505 eui

279 4539 396 4592 soram
452 4537 537 4604 hane
571 4535 747 4604 veritatem
785 4535 989 4602 ostendimus
1026 4542 1062 4603 et
1087 4539 1260 4624 querelam.
1321 4539 1419 4622 Quod
1450 4542 1507 4609 ille

280 4607 438 4728 ffifflffi
451 4663 519 4707 non
548 4639 689 4706 credidit
710 4639 800 4725 quod
823 4639 1003 4705 vicecomes
1025 4640 1245 4708 Tartessensis
1272 4665 1372 4710 ausus
1394 4643 1509 4710 firisset

453 4745 599 4810 fundere
612 4747 755 4811 castrum
778 4745 937 4826 vestrum,
960 4745 1063 4810 donec
1086 4744 1209 4811 ibidem
1240 4747 1336 4812 venit
1357 4769 1510 4834 persona-
