3609 5800
249 2725 299 2775 We
310 2727 389 2776 found

250 2793 356 2843 Carliale

250 2859 327 2909 castlc
339 2860 365 2909 in

252 2940 314 2990 vcry
325 2928 375 2978 bad

252 2993 390 3045 condition.

419 917 480 977 lut
572 931 685 977 nomn
707 927 779 977 aian
803 930 918 978 ornan
942 931 1148 980 nis'romcan
1172 933 1319 982 Lamnas

415 1101 571 1167 facientes
604 1104 790 1188 provideri;
824 1125 897 1169 moa
929 1105 1053 1168 etenim
1085 1125 1158 1191 spes
1190 1111 1241 1170 est
1263 1127 1322 1192 per
1345 1107 1407 1172 Dei
1434 1114 1469 1174 et

414 1209 564 1268 vestrum
597 1205 742 1270 favorem
774 1210 872 1270 terras
906 1227 988 1272 meae
1018 1206 1054 1270 in
1076 1205 1170 1272 brevi
1192 1229 1245 1273 mo
1266 1208 1387 1274 habere
1419 1233 1468 1275 re-

414 1306 667 1392 cuperationem.
749 1307 866 1372 Valeat
898 1307 1016 1395 regalis
1061 1307 1210 1394 potentia
1255 1315 1365 1375 vestra
1409 1334 1468 1399 per

414 1413 560 1494 tempora
586 1409 739 1496 longiora
785 1409 914 1475 Valete.

888 1799 994 1864 DXV.

437 1951 500 2015 Sia
522 1950 668 2014 Tnoiras
689 1948 886 2013 Lascnnnss
909 1965 983 2012 ann
1007 1965 1140 2014 ornans
1161 1965 1203 2014 ro
1228 1951 1360 2014 Hnuav
1383 1950 1449 2016 ΙΙΙ.

770 2085 866 2152 (noyn
875 2085 983 2148 aas,
994 2085 1042 2136 uo.
1055 2088 1108 2151 rc.)

460 2204 588 2271 Illustri
618 2206 688 2292 regi
722 2203 864 2291 Angliae,
888 2204 1024 2287 domino
1059 2203 1241 2281 Hiberniae,
1272 2204 1346 2269 duci
1381 2203 1465 2267 Nor·

395 2307 558 2372 manniae
593 2306 796 2392 Aquitaniae,
827 2312 862 2372 et
893 2306 1006 2372 comiti
1039 2307 1249 2394 Andegaviae,
1272 2306 1324 2370 sui
1354 2305 1466 2370 fideles

414 2415 448 2475 ct
485 2410 599 2475 devoti
632 2409 772 2474 Thomas
804 2408 845 2474 de
878 2409 1029 2486 Lascelis,
1063 2407 1248 2473 Willelmus
1286 2407 1327 2472 de
1365 2407 1464 2472 Dere-

413 2517 637 2592 wentewater,
661 2511 826 2576 Robertus
860 2510 902 2576 de
926 2509 1173 2596 Oastelkayrok‚
1199 2515 1234 2574 et
1263 2509 1391 2574 Alanus
1425 2509 1465 2574 de

414 2615 564 2692 Orreton,
588 2613 709 2680 milites
731 2615 773 2678 de
795 2613 957 2679 comitatu
981 2611 1155 2692 Oumbriae,
1179 2611 1328 2677 salutem.

457 2721 599 2787 Noverit
621 2721 816 2786 excellentia
838 2724 951 2785 vestra
973 2740 1032 2784 nos
1047 2717 1089 2784 ad
1105 2718 1302 2784 mandatum
1317 2723 1463 2782 vestium

411 2823 562 2888 visitasse
593 2827 628 2888 et
659 2823 840 2909 inspexisse
872 2825 1000 2888 statum
1039 2821 1186 2887 defectus
1224 2822 1322 2886 castri
1361 2820 1464 2886 vestri

415 2924 562 3001 Kailioli
601 2930 637 2989 et
682 2924 825 3009 qualiter
869 2924 1023 2989 dominus
1072 2923 1237 2989 Robertus
1276 2923 1316 2989 de
1355 2924 1463 3009 Bruys

412 3026 539 3090 ‹lic-tum
573 3031 719 3091 castrum
743 3026 876 3091 domino
908 3026 1075 3091 Willelmo
1098 3026 1139 3091 de
1163 3026 1328 3102 Fortibus,
1351 3026 1463 3091 comiti

412 3128 607 3204 Albermarl,
630 3127 788 3194 liberavit
800 3152 809 3205 ;
839 3128 1061 3193 dominationi
1091 3132 1210 3195 vestrm
1241 3128 1464 3214 significantes

414 3230 533 3315 [quod]
573 3234 716 3294 castrum
766 3229 862 3294 illum
909 3229 945 3294 in
993 3230 1079 3295 malo
1126 3235 1218 3296 statu
1266 3230 1462 3295 invenimus.

414 3332 545 3397 Scilicet
568 3333 679 3397 omnia
700 3337 835 3418 guttere
856 3332 1012 3418 plumbea
1034 3354 1162 3419 magnae
1179 3332 1281 3397 turris
1297 3332 1463 3408 deficiunt,

414 3441 449 3499 ct
480 3433 570 3499 ostia
602 3438 637 3499 et
659 3432 812 3499 fenestrae
834 3434 995 3499 similiter.
1043 3434 1090 3498 Et
1111 3435 1199 3520 gista
1222 3438 1256 3500 ct
1278 3435 1463 3521 plancherae

414 3536 481 3601 fere
501 3535 614 3601 fractae
637 3541 672 3601 et
694 3535 839 3622 putridae
864 3540 952 3612 sunt,
971 3540 1006 3600 et
1028 3534 1159 3603 murae²
1183 3536 1281 3602 dictae
1303 3537 1406 3602 turris
1428 3536 1464 3600 in

413 3639 500 3704 malo
531 3643 623 3704 statu
652 3642 739 3718 sunt,
763 3660 823 3725 pro
846 3638 976 3703 defectu
1000 3637 1239 3704 emendationis
1262 3642 1297 3703 et
1314 3660 1464 3727 coopera-

413 3739 535 3806 tionis.³
580 3740 627 3804 Et
649 3762 779 3805 camera
802 3739 1034 3805 illustrissimae
1067 3740 1209 3805 dominae
1231 3740 1368 3827 reginae,
1392 3764 1465 3827 quae

411 3841 547 3928 plumbo
583 3848 735 3929 cooperta
759 3846 818 3920 est,
840 3842 985 3907 multum
1017 3840 1148 3927 indiget
1177 3841 1408 3907 emendatione
1429 3848 1464 3908 ct

412 3945 622 4031 coopertorio.
668 3945 715 4009 Et
748 3944 920 4009 chimenea
943 3944 1040 4010 dictae
1063 3964 1199 4009 camerae
1222 3949 1353 4030 oportet
1375 3966 1464 4030 pros·

412 4050 549 4125 temere,
574 4052 609 4111 et
631 4046 672 4111 de
694 4067 783 4111 novo
812 4046 953 4125 refioere‚
977 4045 1031 4111 vel
1061 4045 1097 4110 in
1126 4046 1221 4111 brevi
1244 4097 1251 4111 .
1274 4096 1281 4110 .
1305 4094 1313 4110 .
1336 4097 1342 4111 .
1367 4068 1463 4133 snper

412 4147 535 4213 dictam
558 4170 731 4225 camaram,
754 4148 845 4235 quod
866 4148 964 4213 valde
986 4146 1204 4236 periculosum
1220 4152 1280 4213 est.
1314 4148 1465 4213 Tmrella

412 4249 583 4329 Maunaell,
607 4255 642 4318 et
672 4251 812 4317 turrella
835 4251 993 4317 Willelmi
1024 4250 1065 4317 de
1097 4250 1207 4337 lreby,
1231 4254 1266 4316 et
1296 4250 1463 4337 [tur]rella

490 4450 600 4456 ---—-.
612 4452 621 4457 .
643 4451 828 4458 .-..-...—-..
1021 4454 1127 4460 -.ω-
1140 4454 1200 4460 --
1218 4454 1321 4461 —-----
1341 4455 1404 4461 --——
1412 4454 1463 4463 -ο,

445 4574 913 4641 ¹Seenugane,na0nage,pp.ecb‚
963 4575 1043 4627 found
1063 4578 1187 4642 together,
1204 4579 1264 4644 they
1284 4592 1331 4629 can
1348 4580 1463 4645 scarcely

412 4658 492 4703 twa.
964 4658 995 4707 be
1023 4657 1072 4707 due
1099 4664 1126 4708 to
1154 4673 1170 4707 a
1197 4674 1266 4709 merc
1287 4658 1461 4710 transcriber's
1540 4650 1542 4655 ¹

444 4733 558 4798 2ηιιινιε]
601 4733 635 4783 So
663 4734 720 4785 MS.
762 4734 858 4785 thre
884 4750 913 4785 so
964 4750 1041 4787 error.

411 4827 488 4877 many
496 4814 643 4863 unclaaeical
653 4814 731 4864 forms
741 4815 772 4864 of
778 4817 860 4865 words
870 4830 913 4865 arc
997 4818 1007 4846 ³
1018 4816 1205 4882 cooperationis]
1212 4818 1240 4881 s.
1249 4816 1265 4868 1.
1279 4817 1463 4882 cooperitionis.
